3184 4959
293 400 359 466 432
647 414 754 462 norm
780 413 980 463 vsnsouun
1008 414 1046 460 ru

295 563 393 620 praeter
405 555 548 618 Diogenem
560 553 645 604 Lairt.
659 555 690 604 B.
702 553 823 616 Augusti·
862 555 1039 604 salubritatem
1076 555 1163 602 volere
1194 549 1395 614 animaduertit3

295 646 355 680 nuru
367 630 412 679 lib.
426 643 489 678 vrrs.
506 630 550 678 De
562 629 618 678 Civ.
632 629 682 678 Dei
694 644 752 692 cap.
764 633 823 678 l.et
861 631 1031 680 nobilissimos
1042 631 1098 693 ejus
1115 630 1231 679 civitatis
1242 630 1393 679 adolescen-

294 707 329 757 ibi
342 706 406 762 Lud.
419 705 518 754 Vivern.
536 705 621 754 Sisara.
862 714 911 767 tes,
929 705 1075 768 cupiditate
1092 705 1234 754 liberandae
1250 705 1342 766 patrie
1354 705 1393 753 in·

330 782 414 830 Nostri
432 780 538 843 hubilru]
566 781 666 829 Seneca
685 781 769 843 Epist.
780 785 822 829 55.
860 779 1017 830 flammasitr
1042 782 1116 844 cnjus
1136 781 1173 829 rei
1190 797 1248 830 oum
1268 780 1394 830 iudicium

293 855 384 906 ‘Adeo
403 856 570 918 Philosophia
580 871 681 904 sacrum
700 856 822 920 quiddam
860 855 893 904 nd
906 864 1042 920 tyrannum
1059 865 1198 916 manasset,
1214 863 1356 906 consecuto
1367 857 1394 904 in

295 939 336 982 est
349 940 376 981 et
388 932 545 994 venerabile,
569 939 599 981 ut
618 934 697 981 etiam
717 932 738 980 si
759 931 822 996 qnid
860 929 944 981 forum
967 933 1073 994 populo,
1093 940 1214 996 torquere
1239 946 1298 981 eum
1320 932 1394 980 sario

293 1007 331 1057 illi
353 1009 433 1072 simile
462 1019 513 1071 est,
540 1008 674 1076 mendacio
698 1009 822 1072 placeat!
861 1007 1395 1070 orneiatnsgenerecoepis,subindeque·

299 1086 388 1136 Vultis.
861 1096 920 1130 rens
931 1097 1056 1146 quosnam
1072 1083 1172 1132 consilii
1190 1083 1335 1146 partieipes
1349 1082 1396 1130 bu·

329 1161 431 1217 Quodsi
442 1176 483 1210 neo
500 1160 652 1221 Auuxngom
667 1161 764 1223 jugosa,
781 1176 824 1210 nse
862 1159 945 1207 beret.
977 1157 1067 1208 Atille
1078 1173 1127 1209 uec
1140 1174 1234 1208 eorum
1248 1158 1394 1222 quempiam

296 1238 403 1286 Socratis
413 1251 533 1295 uenenum,
549 1251 590 1284 uer
601 1236 705 1286 Zenonis
721 1242 824 1284 humes·
863 1235 1015 1297 nominavit,
1025 1244 1052 1282 et
1065 1234 1210 1296 proximum
1226 1247 1354 1298 quemque
1363 1247 1396 1281 ao

293 1319 331 1374 tu,
348 1314 455 1375 quonium
474 1317 530 1360 sunt
548 1310 746 1373 peregrinum]
774 1312 824 1360 Mi·
861 1307 1014 1358 fidissimum
1035 1319 1146 1373 tyranno
1164 1316 1314 1372 suspectum
1337 1308 1397 1357 red·

294 1389 362 1444 uirus
373 1393 449 1436 erunt
461 1388 607 1450 peregrios,
624 1386 645 1432 si
661 1387 762 1448 legatur
773 1386 822 1434 Di·
862 1385 938 1444 didit,
947 1386 1159 1449 increpitansque
1167 1384 1346 1448 Agrigentinis
1357 1384 1396 1446 ig·

294 1479 336 1527 og.
349 1462 467 1512 Leirtius
478 1463 509 1510 de
526 1463 587 1510 vitis
599 1463 823 1524 Philosophorum.
862 1462 963 1510 nuvium
972 1477 1002 1510 ac
1012 1463 1189 1523 timiditatem,
1198 1459 1396 1522 effectuutsnn.

296 1540 380 1588 Nobis
400 1539 555 1600 singulorum
578 1537 656 1586 ritem
681 1536 823 1586 fortunam·
860 1539 898 1587 ito
918 1541 1013 1587 mentis
1031 1539 1143 1600 impulsu
1167 1537 1302 1597 concitasti,
1327 1535 1395 1582 Pire-

296 1629 347 1679 que
376 1615 461 1664 multis
491 1613 569 1662 dictis
590 1613 646 1676 jsrn
677 1627 824 1677 recensere,
861 1615 936 1663 ierim
949 1614 1077 1676 lapidibus
1090 1620 1294 1676 prosternerent.
1319 1612 1400 1660 Senis

294 1689 470 1752 ‘perdelirum
482 1703 538 1738 esse
551 1688 672 1739 ridetur!
697 1689 782 1739 ntum
862 1704 924 1753 ergo
935 1691 1010 1738 unius
1028 1690 1118 1739 eculeo
1137 1689 1252 1750 impositi
1272 1702 1324 1736 non
1335 1700 1395 1748 sup·

334 1767 403 1820 Quod
429 1767 452 1814 si
478 1780 520 1814 oce
547 1765 701 1826 Anunugoroe
723 1764 824 1826 fugam]
863 1764 1396 1830 pleurox,neerniserabiliaejulatus,sed

296 1842 360 1891 Cum
373 1842 486 1904 quinque
499 1841 603 1888 talentis
618 1842 752 1902 multatus,
770 1840 824 1890 exi·
862 1842 937 1892 fortis
947 1843 1101 1901 cohortatio,
1110 1842 1192 1892 totins
1205 1842 1277 1891 urbis
1284 1842 1395 1890 ssimum

293 1915 380 1978 linque
402 1915 435 1963 ub
452 1913 654 1966 Atheniensibus
676 1917 824 1974 damnatus,
863 1918 1045 1985 fortrsnumqua
1056 1919 1187 1980 mutarit-l
1204 1918 1331 1981 Aqnibus
1342 1930 1396 1966 om·

295 1991 466 2053 Lampsacum
491 1989 624 2052 profectus
648 2001 698 2052 est,
723 1993 769 2041 ubi
796 1999 825 2042 et
863 1996 1079 2044 nibnsdiversum
1097 1997 1120 2044 it
1134 1995 1311 2045 Tertullianus
1325 1993 1397 2056 Apu·

295 2065 361 2114 diem
375 2081 447 2114 sunm
463 2065 539 2114 obiit.
572 2067 624 2116 Adi
644 2068 777 2116 Lairtium
797 2069 823 2115 iu
862 2072 990 2135 logetioo:
1009 2074 1098 2122 ‘Ymnu
1120 2073 1224 2123 Eleates
1243 2071 1397 2134 consultus,'

295 2141 463 2204 Anaxagora.
481 2143 556 2192 Beru.
864 2147 976 2210 inquit,⁴
990 2148 1157 2211 sDihnysio,
1173 2148 1297 2213 quidnam
1309 2147 1398 2197 Philo·

327 2217 587 2280 Auncogosucfugum]
599 2219 699 2282 Nempe
708 2218 825 2278 esilinur,
864 2222 955 2285 sophia
974 2231 1122 2285 prestaret,
1134 2239 1212 2288 quum
1223 2221 1398 2286 respondisset

296 2293 365 2358 qnod
378 2300 418 2342 est
437 2293 511 2357 φυγὴ,
529 2295 555 2342 in
574 2295 640 2358 quod
658 2293 824 2346 Atheniensi·
864 2304 1039 2362 contemptum
1048 2300 1154 2350 montius
1171 2297 1397 2363 flagellistyranni

297 2385 339 2418 um
359 2368 466 2420 decreto
484 2377 559 2420 sotus
578 2378 635 2421 est:
655 2372 709 2421 sire
729 2371 828 2435 fugem,
864 2374 994 2437 objectus,
1013 2377 1168 2425 senteutiam
1189 2389 1262 2424 snam
1279 2373 1313 2422 ad
1329 2388 1402 2423 mor·-

297 2445 408 2510 quodni
426 2447 470 2494 alii
487 2447 587 2507 uoluunt,
605 2449 832 2511 ipsesuaspnnta·
864 2457 918 2498 tem
940 2466 1021 2514 nsque
1054 2452 1195 2516 signabat)
1227 2451 1318 2500 AEstuo
1339 2465 1399 2514 pru·

296 2522 322 2570 iu
334 2520 440 2570 exilium
453 2521 538 2570 iverit.
564 2522 623 2570 Viri.
645 2522 756 2584 Diogen.
775 2524 828 2572 La·
864 2524 944 2586 fecto,
956 2541 1004 2576 nec
1016 2542 1126 2576 cuneum
1137 2530 1239 2590 reperio
1250 2528 1311 2577 huie
1321 2527 1399 2576 nodo.

296 2595 346 2646 drt.
368 2595 456 2643 Volliu.
865 2600 942 2650 Reuss.

329 2669 380 2718 Noe
398 2670 501 2718 Zenonis
520 2671 647 2732 immnuta]
692 2672 833 2720 Zenonem
897 2676 1011 2739 Zenonis]
1044 2677 1075 2725 lu
1094 2679 1226 2726 ernoistns
1245 2683 1354 2728 anctore
1370 2684 1401 2726 et

295 2743 415 2792 Eleatem
427 2743 560 2805 iutelligit,
570 2745 724 2794 Dialecticue
737 2744 825 2792 iuven·
865 2765 961 2812 genere
974 2752 1194 2814 peniruffmimt
1202 2761 1334 2803 auctores,
1350 2755 1400 2802 Dr.

295 2825 393 2868 torem:
411 2819 443 2870 de
453 2820 668 2884 cujus-tormentis
678 2819 826 2868 noneadem
865 2841 962 2889 0301«oe
974 2827 1092 2876 Laberius
1107 2827 1153 2889 [ex
1164 2842 1217 2892 qno
1227 2827 1401 2877 idem-strides

293 2895 588 2958 scriptorestradidere.
621 2896 750 2958 meruius,
768 2909 828 2944 cnut
865 2902 981 2965 soripsit]
1000 2903 1027 2951 in
1046 2903 1160 2952 Nearchi
1178 2903 1284 2965 tyranni
1304 2918 1334 2955 οι
1353 2903 1400 2952 tin.

296 2972 828 3036 Learchttmiytttllllllmtettttbul'tivolunt
865 2981 941 3042 guum
959 2979 1094 3041 praecisum
1111 2979 1279 3042 conspuisse·;
1304 2978 1399 3027 deinde

295 3049 494 3100 Diomedonteur
529 3049 666 3114 profligare
696 3049 829 3110 voluisset,
866 3068 898 3102 ea
917 3055 1074 3118 Hermippo,
1094 3055 1208 3104 illumin
1228 3055 1398 3117 earumlapi·

296 3127 506 3176 constantissime
536 3129 671 3178 tormentis
710 3127 829 3176 omnibus
866 3129 1401 3194 densinjectumcontusumqnesuisasin-

296 3201 430 3264 restitisse,
453 3201 556 3252 taudem
576 3218 609 3252 ne
631 3203 720 3252 dolore
743 3205 828 3251 vintrus
865 3206 930 3268 quit.
959 3205 1045 3254 Abeo
1055 3206 1114 3254 Vel.
1127 3205 1258 3252 Maximus
1268 3204 1401 3265 dissentit,

298 3277 382 3326 socios
405 3278 541 3340 proderet,
566 3277 828 3340 linguamssdentibus
865 3279 910 3342 qni
935 3279 982 3326 lib.
999 3291 1044 3326 ιιι.
1063 3292 1087 3326 c.
1108 3283 1133 3328 3.
1155 3278 1305 3327 Pbsluridis
1322 3277 1398 3342 Apsi-

297 3352 451 3416 prendisse
468 3359 497 3402 et
515 3353 541 3403 in
558 3352 662 3415 tyranni
679 3351 772 3402 faeiem
783 3365 830 3400 ex·
865 3353 994 3415 gentinus.
1008 3353 1110 3415 tyranni
1116 3353 1191 3416 jussu
1203 3354 1350 3402 cruciatum
1359 3369 1399 3404 re·

297 3429 384 3490 puisse
401 3429 505 3478 scribit:
532 3429 623 3478 eadem
636 3428 739 3490 Cicero,
750 3428 827 3476 Touo.
865 3426 928 3489 fert,
939 3435 969 3476 nt
986 3436 1019 3477 et¹
1030 3428 1132 3491 Cicero,
1151 3428 1333 3480 Anaxarchum
1351 3432 1398 3480 Ni·

298 3503 397 3555 Quaest.
413 3505 431 3552 l.
447 3518 477 3553 ιι.
498 3505 587 3554 eadem
604 3505 775 3555 Theodoritnr
794 3506 830 3555 de
866 3504 1001 3553 cunraunti
1019 3504 1174 3568 Cypriorum
1193 3512 1304 3570 tyranno
1316 3506 1348 3554 ad
1361 3509 1400 3556 nl·

298 3577 722 3641 Graecarumaffeutfonr.l.vrrr.
751 3582 829 3630 Eras-
867 3581 957 3629 timum
978 3579 1184 3643 amputationem
1206 3581 1302 3644 linguas
1324 3583 1399 3631 mini·

300 3651 404 3700 tbauem
425 3652 515 3704 citans.
547 3654 667 3703 Valerius
689 3669 760 3715 vero,
782 3655 829 3704 lib.
866 3653 1121 3716 tautirespondisae;
1138 3657 1398 3721 ‘Nonerit,'iuquit,

299 3742 343 3778 ιιι.
358 3743 381 3778 c.
393 3732 417 3777 3.
451 3728 522 3778 Zeno
544 3729 660 3791 Eleates,
679 3729 829 3794 ιΑςιίςειι·
867 3728 1043 3785 ‘effeminate
1054 3733 1214 3797 anetensem,
1229 3735 1400 3798 huncquoque

297 3803 372 3865 tum‚'
398 3804 490 3868 inquit,
513 3804 669 3854 ‘miserabili
702 3807 829 3855 servitute
867 3818 927 3868 pars
938 3807 1056 3870 corporis
1064 3809 1116 3858 mei
1128 3817 1181 3859 tuse
1200 3809 1322 3858 ditionisz
1339 3823 1399 3871 pro-

301 3879 421 3930 obrutum
434 3880 614 3945 petiit„tauta
624 3879 830 3945 liduoiayingenii
867 3882 990 3945 unusque
1005 3882 1128 3935 dentibus
1138 3885 1278 3936 abscissam
1288 3892 1317 3934 et
1327 3898 1397 3935 oom-

298 3971 437 4006 aemorum
448 3972 552 4009 suorum
563 3955 656 4020 fretus,
668 3965 699 4006 ut
707 3964 830 4021 speraret
866 3958 1048 4009 manducatum
1067 3961 1185 4024 unguem,
1201 3959 1235 4008 in·
1246 3972 1275 4008 os
1283 3959 1342 4024 eJus
1359 3960 1401 4013 ira

299 4039 328 4080 et
340 4040 449 4096 tyranno
466 4042 492 4084 et
503 4035 609 4084 Phaleri
621 4049 725 4086 vesane
735 4035 830 4086 mentis
867 4036 1087 4101 patenseaspuit!
1113 4035 1286 4101 Tertullianus
1295 4047 1402 4101 qunque

297 4108 431 4160 feritatem
449 4127 464 4160 a
480 4125 508 4162 se
528 4111 612 4175 deripi
632 4126 718 4174 posse.
751 4112 830 4162 Post·
866 4109 1003 4162 sublinem
1021 4111 1180 4177 apologetici
1191 4111 1323 4162 diuersum
1334 4112 1400 4175 abit,

301 4198 376 4245 quum
387 4185 481 4234 deinde
494 4186 563 4249 apud
574 4186 645 4237 illum
656 4189 712 4252 plus
724 4203 830 4238 consue·
868 4187 876 4217 ‘
887 4188 960 4239 Zeno
973 4187 1096 4251 Eleates,'
1113 4188 1224 4253 inquit,‘
1236 4189 1370 4240 consultus
1382 4205 1400 4238 a

301 4258 418 4310 tudinem
430 4262 619 4320 dominationis,
641 4279 718 4328 quum
730 4264 829 4314 consilii
867 4265 1007 4330 Dionysio,
1026 4263 1147 4330 quidosta
1158 4263 1398 4330 philosophisprae·
