3184 4959
336 436 488 483 BOB’l'Hll
513 435 562 483 DE
583 435 735 484 GONSOL.
759 437 978 486 Pitibosot’lt.
1001 437 1073 486 ΗΒ.
1096 439 1137 486 11.
1221 425 1286 490 471

196 578 238 643 pit
246 577 335 626 artes?
368 578 476 642 Nosque
487 576 566 640 jabet
581 578 685 641 tacitos,
695 582 723 626 et
759 578 864 630 muricis
873 581 1130 643 ostmmlnduit,sut
1141 581 1219 630 rutilo
1228 596 1286 645 per·

192 655 251 718 jasa
263 653 367 702 rationis
377 667 484 715 egenos,
501 654 561 701 Non
574 653 659 711 aliter,
670 652 722 714 pri·
759 654 847 704 lucens
860 670 973 719 purpura
981 670 1069 714 cocco,
1080 656 1171 704 Mollis
1182 658 1222 704 ssi
1234 664 1286 706 tsc-

195 743 238 778 mo
247 742 389 792 qnamcum
399 729 556 778 surreximus
568 743 633 785 sevo.
643 728 723 777 Gisn·
760 736 789 778 tu
805 743 861 793 qnae
879 731 985 779 mittunt
1003 729 1207 780 vellensem!
1238 731 1285 780 Sn-

195 803 272 852 dibns
289 810 317 852 et
344 819 415 867 puras
443 819 530 853 rursus
551 805 721 868 procumbere
758 805 825 852 liam
849 819 909 867 cap.
926 809 967 854 ⁵3.
984 805 1017 854 de
1034 805 1139 854 Scribas
1156 805 1285 854 etSericu

194 879 336 942 lympbsei'
369 879 491 929 Notabile
500 880 564 933 iilud
573 878 720 929 Cessiodori
758 881 871 930 vellere:
891 881 985 928 ‘Seres
1007 893 1128 942 aqssarum
1148 880 1285 944 aspergine

196 968 236 1003 ιι.
252 955 407 1004 Varianis.
425 955 523 1004 ‘Ceres
539 953 667 1004 frumenta
683 954 721 1003 di·
757 956 889 1006 inundatis
900 954 1045 1018 frondibus,
1057 956 1154 1004 vellera
1166 956 1285 1004 arborum

195 1029 264 1078 citur
282 1030 421 1092 invenisse,
443 1032 499 1080 Pan
521 1037 607 1080 antem
624 1032 721 1094 primns
758 1033 912 1082 adminiculo
924 1032 1068 1096 depectunt
1079 1032 1285 1095 liquoris‚etbu-

195 1119 345 1168 consparsas
366 1104 454 1169 frages
476 1107 577 1156 coxisse
602 1107 719 1169 perbibe-
757 1108 836 1157 moris
857 1116 974 1158 teneram
991 1107 1161 1157 subtilitatem
1181 1108 1285 1155 humore

195 1188 253 1230 turc
269 1180 338 1230 nude
354 1187 383 1230 et
399 1182 501 1230 nomine
517 1181 574 1245 ejus
591 1183 663 1246 panis
680 1189 720 1232 est
757 1185 864 1234 domant
885 1185 917 1234 ad
943 1185 1102 1247 obsequium.
1138 1183 1196 1232 Hoc
1221 1182 1285 1230 illud

195 1257 358 1319 appellatus!
377 1257 452 1305 ldess.
757 1267 799 1309 est
810 1260 934 1322 Sericum,
953 1261 977 1308 in
990 1274 1062 1307 usum
1074 1259 1205 1322 publicum
1214 1258 1285 1306 dam·

226 1331 525 1396 Jejasiosoleeregloade]
548 1335 641 1382 Totum
652 1334 719 1384 bunc
756 1349 790 1383 no
802 1335 948 1384 severitatis
968 1335 1117 1396 admissum,
1135 1344 1227 1396 etqua
1244 1347 1285 1382 es-

196 1423 298 1457 sersum
311 1409 419 1458 Rustico
429 1424 476 1459 suo
487 1409 593 1458 insemit
604 1408 718 1472 Angelus
757 1417 858 1460 tentare
870 1410 955 1473 potius
967 1424 1084 1472 corpora,
1094 1423 1170 1472 quam
1179 1399 1288 1470 restire,'

196 1483 360 1534 Politiauus:
382 1486 437 1534 ‘Et
458 1484 574 1548 perferre
601 1485 669 1534 sitim
691 1490 720 1534 et
756 1487 839 1549 primo
851 1485 965 1546 feminis,
981 1499 1048 1534 nunc
1062 1485 1141 1532 etiam
1154 1483 1215 1532 risis
1226 1497 1284 1547 per·

191 1559 290 1623 jejunia
300 1562 400 1614 solvere
410 1561 514 1624 glande,
530 1561 565 1608 Et
575 1561 672 1609 lassare
683 1559 721 1608 i'e·
756 1561 838 1610 suasit
849 1561 957 1608 luxurie
969 1558 1068 1620 libido‚'
1076 1562 1125 1608 &a
1142 1559 1217 1608 Idam.

196 1650 239 1684 ras
248 1636 341 1685 curan-⁹
357 1636 434 1693 Iden.
789 1636 863 1699 Tyrio
872 1635 969 1684 miscere
980 1633 1076 1695 sereno]
1092 1633 1233 1683 Puniceam
1244 1631 1283 1680 in·

227 1713 284 1760 Non
295 1713 412 1761 &cobios
424 1725 521 1761 mero
534 1712 631 1774 smmi]
648 1712 719 1774 Virg.
755 1708 890 1769 lecturam,
907 1709 975 1773 apud
992 1708 1081 1771 Tyrios
1097 1709 1229 1757 inventam
1246 1709 1284 1756 in·

196 1785 325 1849 r-Georg.
346 1787 386 1833 De
413 1786 518 1835 Bacciso
544 1793 572 1834 et
598 1787 718 1834 Venere:
757 1783 1282 1849 telligit,dequsCassiodor.r.Variam.

194 1861 307 1910 ‘Vestro
324 1861 346 1910 si
362 1875 464 1910 munere
482 1863 558 1911 tellus
576 1861 719 1910 Chaoniam
756 1862 869 1910 ‘Verum
879 1861 938 1909 talis
945 1865 1069 1921 tantaque
1076 1872 1117 1906 res
1125 1871 1202 1922 quam
1210 1855 1283 1906 facili

193 1937 283 2001 pingui
291 1937 410 2000 glandem
420 1937 527 1986 mutarit
540 1937 628 1998 arista,
636 1935 719 1984 Pocn-
755 1938 851 2001 legitur
859 1938 961 1990 inventa
972 1932 1139 1997 compendio?
1149 1933 1215 1981 Nam
1224 1945 1282 1982 cum

193 2009 719 2076 iaqueinventisAcheloiamiscnituvis!
755 2011 822 2062 fame
845 2013 915 2062 canis
943 2010 1019 2060 asida
1044 2009 1069 2056 in
1091 2006 1171 2070 Tyrio
1193 2007 1282 2055 littore

194 2087 271 2152 Quod
289 2088 363 2150 Virg.
379 2088 445 2137 dixit
465 2086 614 2148 ‘miscere‚’
629 2095 719 2135 noster
756 2090 877 2154 projecta
888 2087 1022 2150 conchylia
1038 2083 1169 2146 impressis
1185 2082 1283 2130 mandi·

194 2161 392 2224 ‘confundam’
408 2163 463 2226 pari
473 2161 627 2226 significatu.
644 2163 719 2213 Idem.
756 2168 822 2217 bulis
835 2166 1004 2224 contudisset,
1021 2164 1064 2212 ilia
1076 2161 1228 2211 naturaliter
1237 2162 1283 2210 hu·

225 2237 558 2302 Mdetsttderemtlle]
569 2240 654 2288 Notus
664 2254 718 2288 mos
755 2257 853 2293 morsm
876 2241 1043 2304 sanguineum
1068 2235 1220 2296 defluentia,
1237 2251 1282 2286 ora

193 2313 311 2376 priscnsz
331 2315 416 2363 vinum
428 2315 519 2364 etmel
530 2314 718 2378 principiocse·
756 2319 813 2382 ejus
829 2316 938 2366 mirabili
950 2315 1036 2363 colore
1048 2313 1198 2361 tinxerunt:
1215 2317 1243 2359 et
1252 2319 1283 2359 ut

195 2404 236 2438 use
254 2390 349 2453 apponi
368 2391 540 2452 consuevisse,
556 2397 586 2439 ut
607 2390 718 2440 conviva
756 2401 797 2443 est
806 2407 860 2441 mos
870 2390 1021 2450 bominibus,
1032 2387 1179 2436 occasiones
1190 2401 1283 2449 repen-

195 2464 302 2529 quisque
324 2481 370 2528 pro
394 2467 501 2516 arbitrio
520 2466 547 2515 id
569 2472 717 2528 temperans
756 2469 823 2517 tinas
835 2466 866 2516 ad
880 2473 948 2518 artes
966 2464 1071 2524 ducere,
1088 2461 1150 2511 talla
1164 2463 1282 2524 exempla

192 2540 301 2588 mulsum
316 2541 364 2591 sibi
376 2541 523 2591 conficeret.
551 2538 607 2611 pldi
618 2542 716 2590 Miner·
754 2543 912 2592 meditantes
927 2539 1048 2589 fecerunt
1065 2535 1224 2599 principibus
1238 2535 1282 2582 de·

194 2630 234 2664 sse
252 2625 280 2666 et
293 2618 425 2666 Musarum
442 2631 542 2667 amores
558 2617 584 2670 J.
604 2617 717 2680 Lipsinm
754 2633 800 2667 cas
827 2616 912 2666 nobile
931 2615 1004 2674 dare,
1022 2611 1091 2676 qnod
1111 2609 1281 2659 substantiam

192 2693 517 2756 amicissimumcognatnm
532 2707 616 2742 ureusn
627 2692 716 2756 Autiq.
754 2694 869 2745 noscitur
894 2690 990 2740 babere
1015 2684 1189 2736 mediocrem!
1217 2686 1281 2734 Pro·

192 2768 298 2818 lection.
308 2770 352 2818 lib.
364 2783 409 2818 ιιι.
425 2770 539 2818 Bessan.
754 2775 824 2833 pert.
833 2767 878 2816 lib.
889 2780 932 2815 ιιι.
951 2764 1026 2825 Eteg.
1040 2766 1080 2810 12.
1096 2775 1135 2810 rs.
1147 2763 1171 2809 t.
1181 2760 1190 2788 ‘
1199 2759 1280 2822 Tyros

225 2847 365 2896 Nestorides
379 2847 571 2908 mlleroSeram]
597 2847 717 2896 Peliaca·
754 2847 865 2898 ostrinos
893 2842 995 2905 praebet
1023 2838 1136 2887 Cadmea
1162 2835 1282 2889 colores.'¹

192 2921 255 2970 bant
269 2922 393 2986 siquidem
406 2921 496 2970 sericea
508 2928 602 2980 vestes,
614 2927 644 2968 nt
655 2920 716 2968 Am·
754 2921 815 2971 mu
827 2935 858 2970 ex
870 2917 977 2966 Polluce
989 2922 1015 2962 et
1031 2914 1126 2962 Nonne
1138 2911 1226 2960 attulit
1237 2923 1280 2972 po·

190 2996 289 3046 mltum
311 2997 359 3056 aits
381 2995 538 3045 ‘tenerrima
555 2995 716 3043 substitisse:
753 3001 830 3049 litiss.
847 2995 990 3047 Politianns
1008 2989 1198 3038 Miscellaneor.
1222 2999 1279 3048 cap.

192 3072 267 3122 Idem.
755 3079 795 3123 ra.
813 3074 887 3122 ldesn.

227 3147 320 3196 Vellera
331 3145 426 3207 Serum]
450 3146 558 3195 Vellera
566 3146 609 3194 iila
620 3145 718 3206 tenuia,
758 3188 762 3196 .
787 3149 886 3198 Somnos
896 3143 966 3192 dabat
976 3137 1058 3200 inm]
1069 3137 1161 3186 senec.
1172 3135 1200 3184 in
1213 3133 1279 3196 ilip-

191 3236 249 3285 qmn
268 3225 344 3270 Seres
361 3219 430 3268 foliis
446 3221 597 3284 depectunt,
612 3221 715 3271 ‘crines
754 3227 837 3289 polyt.
849 3236 887 3272 ιι.
897 3224 955 3269 5⁰8.
972 3216 1064 3268 ‘Javit
1074 3220 1117 3262 sut
1128 3210 1208 3260 amnis
1220 3210 1279 3274 vagi

190 3296 715 3362 lacteos'nominatCassiodorus‚quicar·
753 3296 967 3359 Pressisseripa‚
975 3292 1073 3355 cespite
1081 3295 1125 3338 aut
1134 3286 1202 3338 nudo
1210 3287 1279 3334 leves

190 3387 240 3422 aee
252 3373 345 3437 poculo
355 3372 395 3422 bis
411 3379 502 3437 terque
516 3374 605 3424 satiati
617 3375 716 3438 putem.
752 3377 865 3426 fluxisse
874 3368 994 3422 somnos!
1027 3365 1096 3414 Vide
1104 3361 1197 3415 Jacob.
1209 3361 1279 3409 Pon·

191 3451 256 3499 rima
271 3450 400 3499 ebrietate
423 3450 541 3498 rubeant.
574 3449 668 3499 Senes.
687 3449 715 3497 in
753 3459 806 3502 tan.
818 3450 851 3499 ad
864 3446 955 3508 virgil.
967 3443 1055 3503 Eclog.
1066 3453 1086 3488 ι.
1108 3439 1182 3485 Idem·

191 3528 326 3591 Hippolyt.
337 3543 376 3576 ra.
388 3531 444 3576 886.
462 3529 470 3554 ‘
482 3527 624 3576 Removete
634 3525 716 3574 famu·
785 3527 885 3576 Somnos
894 3518 1008 3580 salubres]
1023 3513 1114 3578 Virgil.
1125 3525 1171 3560 ιιι.
1182 3510 1279 3573 Georg.

191 3606 222 3653 la,²
235 3619 349 3668 purpura
357 3610 435 3666 atque
445 3616 508 3651 suro
518 3602 597 3650 illitas
612 3602 715 3663 Vestes,
752 3605 830 3654 ‘Neo
851 3614 952 3652 somnos
977 3593 1109 3659 abrumpit
1129 3605 1192 3642 eura
1213 3590 1280 3639 salu·

190 3681 281 3744 procui
297 3681 331 3728 sit
347 3677 450 3726 muricis
466 3676 537 3739 Tyrii
547 3677 635 3739 rubor,
650 3678 715 3727 Quas
753 3677 831 3729 brea!
848 3678 924 3726 Idem.

190 3753 234 3802 tiis
254 3754 331 3804 ramis
356 3751 439 3801 ultimi
460 3751 536 3800 Seres
551 3752 656 3813 legunt)
683 3751 715 3804 In
785 3756 873 3802 Potum
894 3763 981 3815 qaoque
1001 3745 1104 3795 lubricas
1122 3741 1209 3802 omnis]
1227 3743 1278 3790 1⁴¹¹·

189 3830 293 3892 'lbyest
314 3844 351 3877 ιι.
372 3831 429 3884 378.
456 3827 631 3891 ‘Quocunque
657 3830 715 3879 ioco
752 3835 818 3881 eret.
828 3830 908 3878 lib.v.
925 3824 1039 3874 ‘Sedere
1049 3821 1117 3870 sitim
1128 3817 1210 3878 fluvii,
1221 3815 1278 3863 fou·

186 3905 277 3969 jacent
303 3905 380 3953 Seres
411 3903 507 3950 vellere
536 3901 649 3952 nobiles?
682 3904 714 3952 ln
751 3915 845 3970 sesque
866 3897 1010 3952 vocabant.'
1042 3896 1133 3945 Senes.
1150 3893 1177 3940 in
1197 3890 1277 3952 Hipp.

190 3981 270 4030 Herc.
293 3981 348 4030 OEt.
365 3995 401 4030 ιι.
420 3984 477 4029 tint.
503 3978 578 4027 ‘Nec
600 3979 715 4028 Mseouia
753 3996 790 4030 ιι.
802 3985 859 4030 tlt.
875 3978 1012 4026 ‘Excussa
1028 3969 1107 4032 sylvis
1123 3978 1200 4029 poma
1210 3977 1278 4012 com·

190 4057 326 4118 distinguit
342 4071 400 4117 acu,
419 4055 485 4106 erse
497 4053 617 4102 Pboebeis
628 4054 714 4102 subdi·
752 4060 861 4120 pescant
870 4052 973 4108 famem,
984 4049 1019 4096 Et
1028 4044 1101 4105 stela
1112 4040 1198 4103 Pffllll
1206 4039 1278 4087 '⁰¹⁵⁸

187 4140 230 4182 tus
243 4132 318 4180 Eoris
334 4133 411 4195 Legit
426 4132 488 4180 Eois
503 4130 552 4179 Ser
562 4129 715 4182 arboribus!
751 4129 863 4181 dumetis
879 4125 950 4174 cibos
962 4121 1049 4172 Facile
1059 4116 1219 4165 ministrant:
1237 4127 1278 4162 re·

188 4208 284 4258 Aritns
295 4205 409 4255 Alcimus
421 4206 466 4256 lib.
477 4205 510 4254 sd
522 4205 657 4254 Fusciuam
674 4219 714 4254 so·
752 4207 808 4270 gtos
836 4203 910 4250 luxus
930 4196 1017 4260 procul
1035 4194 1085 4242 Est
1103 4191 1215 4253 impetus
1236 4186 1276 4237 fn·

187 4298 289 4339 rorem:
308 4284 380 4334 ‘Nec
399 4293 425 4334 te
440 4283 575 4334 Sidonium
594 4282 634 4333 bis
646 4283 714 4333 cocti
752 4281 837 4346 gisse:
856 4273 967 4326 sollicito
978 4270 1068 4320 bibant
1078 4267 1149 4318 Auro
1158 4265 1274 4330 superbi:
