<?xml version="1.0" encoding="UTF-8"?>
<!DOCTYPE html PUBLIC "-//W3C//DTD XHTML 1.0 Transitional//EN"
    "http://www.w3.org/TR/xhtml1/DTD/xhtml1-transitional.dtd">
<html xmlns="http://www.w3.org/1999/xhtml" xml:lang="en" lang="en">
 <head>
  <title>
</title>
<meta http-equiv="Content-Type" content="text/html;charset=utf-8" />
  <meta name='ocr-system' content='tesseract 3.04.00' />
  <meta name='ocr-capabilities' content='ocr_page ocr_carea ocr_par ocr_line ocrx_word'/>
</head>
<body>
  <div class='ocr_page' id='page_1' title='image "./deconsolationep00sciegoog_0187.png"; bbox 0 0 3184 4959; ppageno 0'>
   <div class='ocr_carea' id='block_1_1' title="bbox 332 413 1288 482">
    <p class='ocr_par' dir='ltr' id='par_1_1' title="bbox 332 413 1288 482">
     <span class='ocr_line' id='line_1_1' title="bbox 332 413 1288 482; baseline 0.002 -12"><span class='ocrx_word' id='word_1_1' title='bbox 332 424 484 472; x_wconf 82' lang='lat' dir='ltr'><strong>nonruu</strong></span> <span class='ocrx_word' id='word_1_2' title='bbox 511 425 558 472; x_wconf 86' lang='lat' dir='ltr'><strong>nu</strong></span> <span class='ocrx_word' id='word_1_3' title='bbox 575 420 735 471; x_wconf 75' lang='lat' dir='ltr'><strong>consue.</strong></span> <span class='ocrx_word' id='word_1_4' title='bbox 761 423 979 474; x_wconf 80' lang='lat' dir='ltr'><strong>uurnusouu.</strong></span> <span class='ocrx_word' id='word_1_5' title='bbox 1005 427 1076 476; x_wconf 77' lang='lat' dir='ltr'><strong>niu.</strong></span> <span class='ocrx_word' id='word_1_6' title='bbox 1100 425 1149 474; x_wconf 86' lang='grc' dir='ltr'><strong>ιν.</strong></span> <span class='ocrx_word' id='word_1_7' title='bbox 1223 413 1288 482; x_wconf 78' lang='grc'><strong>529</strong></span> 
     </span>
    </p>
   </div>
   <div class='ocr_carea' id='block_1_2' title="bbox 189 563 1288 2449">
    <p class='ocr_par' dir='ltr' id='par_1_2' title="bbox 191 563 1288 1092">
     <span class='ocr_line' id='line_1_2' title="bbox 229 563 1288 631; baseline 0.005 -15"><span class='ocrx_word' id='word_1_8' title='bbox 229 566 273 616; x_wconf 86' lang='lat' dir='ltr'><strong>Uti</strong></span> <span class='ocrx_word' id='word_1_9' title='bbox 291 566 396 615; x_wconf 80' lang='lat' dir='ltr'><strong>currenti</strong></span> <span class='ocrx_word' id='word_1_10' title='bbox 417 566 444 614; x_wconf 78' lang='lat' dir='ltr'><strong>is</strong></span> <span class='ocrx_word' id='word_1_11' title='bbox 461 566 551 630; x_wconf 83' lang='lat' dir='ltr'><strong>stadis]</strong></span> <span class='ocrx_word' id='word_1_12' title='bbox 576 564 723 616; x_wconf 77' lang='lat' dir='ltr'><strong>cassiodor.</strong></span> <span class='ocrx_word' id='word_1_13' title='bbox 761 567 810 616; x_wconf 90' lang='lat' dir='ltr'><strong>ult.</strong></span> <span class='ocrx_word' id='word_1_14' title='bbox 822 563 938 616; x_wconf 82' lang='lat' dir='ltr'><strong>Andreas</strong></span> <span class='ocrx_word' id='word_1_15' title='bbox 956 563 1116 631; x_wconf 83' lang='lat' dir='ltr'><strong>Tirsqnellus</strong></span> <span class='ocrx_word' id='word_1_16' title='bbox 1134 570 1174 618; x_wconf 88' lang='lat' dir='ltr'><strong>De</strong></span> <span class='ocrx_word' id='word_1_17' title='bbox 1190 570 1288 621; x_wconf 87' lang='lat' dir='ltr'><strong>Nobili·</strong></span> 
     </span>
     <span class='ocr_line' id='line_1_3' title="bbox 191 641 1288 705; baseline 0.005 -14"><span class='ocrx_word' id='word_1_18' title='bbox 191 642 260 692; x_wconf 88' lang='lat' dir='ltr'><strong>libro</strong></span> <span class='ocrx_word' id='word_1_19' title='bbox 281 653 374 692; x_wconf 82' lang='lat' dir='ltr'><strong>octavo</strong></span> <span class='ocrx_word' id='word_1_20' title='bbox 391 641 546 691; x_wconf 75' lang='lat' dir='ltr'><strong>Variarnrnz</strong></span> <span class='ocrx_word' id='word_1_21' title='bbox 569 643 724 691; x_wconf 82' lang='lat' dir='ltr'><strong>‘certantes</strong></span> <span class='ocrx_word' id='word_1_22' title='bbox 761 648 827 704; x_wconf 86' lang='lat' dir='ltr'><strong>tate,</strong></span> <span class='ocrx_word' id='word_1_23' title='bbox 837 656 894 705; x_wconf 88' lang='lat' dir='ltr'><strong>cap.</strong></span> <span class='ocrx_word' id='word_1_24' title='bbox 904 647 945 692; x_wconf 73' lang='lat'><strong>29.</strong></span> <span class='ocrx_word' id='word_1_25' title='bbox 978 645 1003 696; x_wconf 84' lang='lat' dir='ltr'><strong>J.</strong></span> <span class='ocrx_word' id='word_1_26' title='bbox 1020 647 1094 694; x_wconf 85' lang='lat' dir='ltr'><strong>Dnsa</strong></span> <span class='ocrx_word' id='word_1_27' title='bbox 1112 644 1180 694; x_wconf 90' lang='lat' dir='ltr'><strong>lilius</strong></span> <span class='ocrx_word' id='word_1_28' title='bbox 1198 648 1224 696; x_wconf 89' lang='lat' dir='ltr'><strong>in</strong></span> <span class='ocrx_word' id='word_1_29' title='bbox 1242 662 1288 696; x_wconf 90' lang='lat' dir='ltr'><strong>suo</strong></span> 
     </span>
     <span class='ocr_line' id='line_1_4' title="bbox 193 716 1287 783; baseline 0.005 -17"><span class='ocrx_word' id='word_1_30' title='bbox 193 719 221 766; x_wconf 92' lang='lat' dir='ltr'><strong>in</strong></span> <span class='ocrx_word' id='word_1_31' title='bbox 241 717 325 766; x_wconf 79' lang='lat' dir='ltr'><strong>stadio</strong></span> <span class='ocrx_word' id='word_1_32' title='bbox 343 719 504 766; x_wconf 78' lang='lat' dir='ltr'>numerosior</span> <span class='ocrx_word' id='word_1_33' title='bbox 519 732 614 766; x_wconf 83' lang='lat' dir='ltr'><strong>corona</strong></span> <span class='ocrx_word' id='word_1_34' title='bbox 631 716 724 780; x_wconf 78' lang='lat' dir='ltr'><strong>glorifi-</strong></span> <span class='ocrx_word' id='word_1_35' title='bbox 761 717 795 767; x_wconf 87' lang='lat' dir='ltr'><strong>ad</strong></span> <span class='ocrx_word' id='word_1_36' title='bbox 808 718 915 769; x_wconf 88' lang='lat' dir='ltr'><strong>l&#39;etrun.</strong></span> <span class='ocrx_word' id='word_1_37' title='bbox 935 720 1057 783; x_wconf 80' lang='lat' dir='ltr'><strong>spicileg.</strong></span> <span class='ocrx_word' id='word_1_38' title='bbox 1076 722 1119 771; x_wconf 84' lang='lat' dir='ltr'><strong>Fr.</strong></span> <span class='ocrx_word' id='word_1_39' title='bbox 1135 722 1242 773; x_wconf 84' lang='lat' dir='ltr'><strong>buretus</strong></span> <span class='ocrx_word' id='word_1_40' title='bbox 1255 724 1287 772; x_wconf 86' lang='lat' dir='ltr'><strong>ad</strong></span> 
     </span>
     <span class='ocr_line' id='line_1_5' title="bbox 194 792 1287 857; baseline 0.004 -15"><span class='ocrx_word' id='word_1_41' title='bbox 194 803 254 843; x_wconf 80' lang='lat' dir='ltr'><strong>cat:</strong></span> <span class='ocrx_word' id='word_1_42' title='bbox 273 793 425 856; x_wconf 78' lang='lat' dir='ltr'><strong>Olympicus</strong></span> <span class='ocrx_word' id='word_1_43' title='bbox 436 808 526 842; x_wconf 85' lang='lat' dir='ltr'><strong>currus</strong></span> <span class='ocrx_word' id='word_1_44' title='bbox 537 793 658 857; x_wconf 80' lang='lat' dir='ltr'><strong>frequens</strong></span> <span class='ocrx_word' id='word_1_45' title='bbox 670 794 724 855; x_wconf 90' lang='lat' dir='ltr'><strong>pal·</strong></span> <span class='ocrx_word' id='word_1_46' title='bbox 760 792 906 856; x_wconf 82' lang='lat' dir='ltr'><strong>Symmaulu</strong></span> <span class='ocrx_word' id='word_1_47' title='bbox 917 794 963 844; x_wconf 85' lang='lat' dir='ltr'><strong>lib.</strong></span> <span class='ocrx_word' id='word_1_48' title='bbox 975 809 1017 844; x_wconf 90' lang='lat'><strong>111.</strong></span> <span class='ocrx_word' id='word_1_49' title='bbox 1035 797 1071 846; x_wconf 87' lang='lat' dir='ltr'><strong>H.</strong></span> <span class='ocrx_word' id='word_1_50' title='bbox 1081 797 1188 847; x_wconf 87' lang='lat' dir='ltr'><strong>Grotius</strong></span> <span class='ocrx_word' id='word_1_51' title='bbox 1197 800 1222 847; x_wconf 91' lang='lat' dir='ltr'><strong>in</strong></span> <span class='ocrx_word' id='word_1_52' title='bbox 1234 802 1287 850; x_wconf 89' lang='lat' dir='ltr'><strong>Nn-</strong></span> 
     </span>
     <span class='ocr_line' id='line_1_6' title="bbox 193 869 1288 937; baseline 0.004 -19"><span class='ocrx_word' id='word_1_53' title='bbox 193 869 381 920; x_wconf 83' lang='lat' dir='ltr'><strong>rnauobilitat:</strong></span> <span class='ocrx_word' id='word_1_54' title='bbox 400 870 724 920; x_wconf 85' lang='lat' dir='ltr'><strong>siuvelinlevioribnsre·</strong></span> <span class='ocrx_word' id='word_1_55' title='bbox 761 869 795 916; x_wconf 88' lang='lat' dir='ltr'><strong>tis</strong></span> <span class='ocrx_word' id='word_1_56' title='bbox 814 869 846 916; x_wconf 86' lang='lat' dir='ltr'><strong>ad</strong></span> <span class='ocrx_word' id='word_1_57' title='bbox 870 870 991 919; x_wconf 85' lang='lat' dir='ltr'><strong>Martian.</strong></span> <span class='ocrx_word' id='word_1_58' title='bbox 1018 871 1118 932; x_wconf 84' lang='lat' dir='ltr'><strong>capeu.</strong></span> <span class='ocrx_word' id='word_1_59' title='bbox 1136 873 1162 924; x_wconf 89' lang='lat' dir='ltr'><strong>J.</strong></span> <span class='ocrx_word' id='word_1_60' title='bbox 1185 875 1288 937; x_wconf 84' lang='lat' dir='ltr'><strong>Lipsius</strong></span> 
     </span>
     <span class='ocr_line' id='line_1_7' title="bbox 192 943 1288 1010; baseline 0.006 -17"><span class='ocrx_word' id='word_1_61' title='bbox 192 943 240 993; x_wconf 86' lang='lat' dir='ltr'><strong>bns</strong></span> <span class='ocrx_word' id='word_1_62' title='bbox 252 945 386 1008; x_wconf 81' lang='lat' dir='ltr'><strong>gloriosior</strong></span> <span class='ocrx_word' id='word_1_63' title='bbox 393 944 514 1006; x_wconf 85' lang='lat' dir='ltr'><strong>efficitur,</strong></span> <span class='ocrx_word' id='word_1_64' title='bbox 523 947 564 993; x_wconf 91' lang='lat' dir='ltr'><strong>cui</strong></span> <span class='ocrx_word' id='word_1_65' title='bbox 573 945 725 1010; x_wconf 85' lang='lat' dir='ltr'><strong>frequenter</strong></span> <span class='ocrx_word' id='word_1_66' title='bbox 760 943 807 994; x_wconf 89' lang='lat' dir='ltr'><strong>lib.</strong></span> <span class='ocrx_word' id='word_1_67' title='bbox 818 958 849 994; x_wconf 86' lang='lat'><strong>11.</strong></span> <span class='ocrx_word' id='word_1_68' title='bbox 860 945 944 995; x_wconf 86' lang='lat' dir='ltr'><strong>Eleet.</strong></span> <span class='ocrx_word' id='word_1_69' title='bbox 953 961 1010 1009; x_wconf 88' lang='lat' dir='ltr'><strong>cap.</strong></span> <span class='ocrx_word' id='word_1_70' title='bbox 1019 950 1042 996; x_wconf 77' lang='lat' dir='ltr'><strong>b.</strong></span> <span class='ocrx_word' id='word_1_71' title='bbox 1062 949 1122 997; x_wconf 87' lang='lat' dir='ltr'><strong>Huc</strong></span> <span class='ocrx_word' id='word_1_72' title='bbox 1130 948 1198 999; x_wconf 83' lang='lat' dir='ltr'><strong>refer</strong></span> <span class='ocrx_word' id='word_1_73' title='bbox 1209 953 1288 1002; x_wconf 85' lang='lat' dir='ltr'><strong>verba</strong></span> 
     </span>
     <span class='ocr_line' id='line_1_8' title="bbox 192 1019 1287 1092; baseline 0.007 -24"><span class='ocrx_word' id='word_1_74' title='bbox 192 1019 475 1082; x_wconf 78' lang='lat' dir='ltr'><strong>praemiarefurnntur.²</strong></span> <span class='ocrx_word' id='word_1_75' title='bbox 492 1021 577 1070; x_wconf 73' lang='lat' dir='ltr'><strong>ditem.</strong></span> <span class='ocrx_word' id='word_1_76' title='bbox 760 1019 822 1069; x_wconf 77' lang='lat' dir='ltr'><strong>Seu.</strong></span> <span class='ocrx_word' id='word_1_77' title='bbox 834 1035 867 1068; x_wconf 87' lang='lat' dir='ltr'><strong>ex</strong></span> <span class='ocrx_word' id='word_1_78' title='bbox 880 1022 960 1072; x_wconf 81' lang='lat' dir='ltr'><strong>llere.</strong></span> <span class='ocrx_word' id='word_1_79' title='bbox 972 1023 1029 1071; x_wconf 74' lang='lat' dir='ltr'><strong>Fur.</strong></span> <span class='ocrx_word' id='word_1_80' title='bbox 1042 1039 1080 1073; x_wconf 86' lang='lat' dir='ltr'><strong>vs.</strong></span> <span class='ocrx_word' id='word_1_81' title='bbox 1094 1027 1150 1073; x_wconf 74' lang='lat'><strong>172.</strong></span> <span class='ocrx_word' id='word_1_82' title='bbox 1170 1023 1198 1074; x_wconf 83' lang='lat' dir='ltr'><strong>el</strong></span> <span class='ocrx_word' id='word_1_83' title='bbox 1216 1041 1287 1092; x_wconf 85' lang='lat' dir='ltr'><strong>seqq.</strong></span> 
     </span>
    </p>

    <p class='ocr_par' dir='ltr' id='par_1_3' title="bbox 192 1094 1288 1616">
     <span class='ocr_line' id='line_1_9' title="bbox 228 1094 1286 1166; baseline 0.009 -23"><span class='ocrx_word' id='word_1_84' title='bbox 228 1096 288 1144; x_wconf 76' lang='lat' dir='ltr'><strong>cns</strong></span> <span class='ocrx_word' id='word_1_85' title='bbox 296 1096 373 1158; x_wconf 83' lang='lat' dir='ltr'><strong>ipsasrs</strong></span> <span class='ocrx_word' id='word_1_86' title='bbox 386 1096 474 1146; x_wconf 79' lang='lat' dir='ltr'><strong>bunum</strong></span> <span class='ocrx_word' id='word_1_87' title='bbox 485 1096 604 1145; x_wconf 74' lang='lat' dir='ltr'><strong>beatitudo</strong></span> <span class='ocrx_word' id='word_1_88' title='bbox 614 1096 659 1158; x_wconf 85' lang='lat' dir='ltr'><strong>sit]</strong></span> <span class='ocrx_word' id='word_1_89' title='bbox 668 1097 722 1146; x_wconf 83' lang='lat' dir='ltr'><strong>Sal·</strong></span> <span class='ocrx_word' id='word_1_90' title='bbox 760 1094 828 1144; x_wconf 88' lang='lat' dir='ltr'><strong>Item</strong></span> <span class='ocrx_word' id='word_1_91' title='bbox 841 1095 1030 1162; x_wconf 77' lang='lat' dir='ltr'><strong>Aristophanis,</strong></span> <span class='ocrx_word' id='word_1_92' title='bbox 1042 1114 1075 1148; x_wconf 90' lang='lat' dir='ltr'><strong>ex</strong></span> <span class='ocrx_word' id='word_1_93' title='bbox 1087 1101 1176 1166; x_wconf 85' lang='lat' dir='ltr'><strong>Eqult.</strong></span> <span class='ocrx_word' id='word_1_94' title='bbox 1189 1101 1250 1152; x_wconf 77' lang='lat' dir='ltr'><strong>Act.</strong></span> <span class='ocrx_word' id='word_1_95' title='bbox 1262 1109 1286 1152; x_wconf 75' lang='grc' dir='ltr'><strong>ὅ.</strong></span> 
     </span>
     <span class='ocr_line' id='line_1_10' title="bbox 193 1170 1286 1236; baseline 0.006 -16"><span class='ocrx_word' id='word_1_96' title='bbox 193 1171 307 1221; x_wconf 80' lang='lat' dir='ltr'><strong>viamde</strong></span> <span class='ocrx_word' id='word_1_97' title='bbox 323 1172 476 1236; x_wconf 83' lang='lat' dir='ltr'><strong>quibusdam</strong></span> <span class='ocrx_word' id='word_1_98' title='bbox 494 1173 722 1235; x_wconf 84' lang='lat' dir='ltr'><strong>Graecis,Sapien·</strong></span> <span class='ocrx_word' id='word_1_99' title='bbox 759 1170 871 1223; x_wconf 65' lang='lat' dir='ltr'><strong>Scene.</strong></span> <span class='ocrx_word' id='word_1_100' title='bbox 904 1174 939 1222; x_wconf 88' lang='lat' dir='ltr'><strong>Et</strong></span> <span class='ocrx_word' id='word_1_101' title='bbox 958 1173 1107 1224; x_wconf 72' lang='lat' dir='ltr'><strong>Columella</strong></span> <span class='ocrx_word' id='word_1_102' title='bbox 1119 1176 1286 1228; x_wconf 68' lang='lat' dir='ltr'><strong>Praefert-lib.</strong></span> 
     </span>
     <span class='ocr_line' id='line_1_11' title="bbox 193 1245 874 1310; baseline 0.004 -16"><span class='ocrx_word' id='word_1_103' title='bbox 193 1246 238 1294; x_wconf 80' lang='lat' dir='ltr'><strong>tias</strong></span> <span class='ocrx_word' id='word_1_104' title='bbox 249 1245 432 1308; x_wconf 76' lang='lat' dir='ltr'><strong>sectatoribus,</strong></span> <span class='ocrx_word' id='word_1_105' title='bbox 451 1245 518 1296; x_wconf 87' lang='lat' dir='ltr'><strong>libro</strong></span> <span class='ocrx_word' id='word_1_106' title='bbox 529 1248 612 1310; x_wconf 87' lang='lat' dir='ltr'><strong>primu</strong></span> <span class='ocrx_word' id='word_1_107' title='bbox 624 1247 657 1296; x_wconf 90' lang='lat' dir='ltr'><strong>de</strong></span> <span class='ocrx_word' id='word_1_108' title='bbox 668 1247 723 1297; x_wconf 83' lang='lat' dir='ltr'><strong>Gn·</strong></span> <span class='ocrx_word' id='word_1_109' title='bbox 759 1258 780 1294; x_wconf 90' lang='grc' dir='ltr'><strong>ι.</strong></span> <span class='ocrx_word' id='word_1_110' title='bbox 798 1248 874 1297; x_wconf 77' lang='lat' dir='ltr'><strong>ldem.</strong></span> 
     </span>
     <span class='ocr_line' id='line_1_12' title="bbox 193 1322 1288 1389; baseline 0.005 -18"><span class='ocrx_word' id='word_1_111' title='bbox 193 1322 346 1372; x_wconf 86' lang='lat' dir='ltr'><strong>bematione</strong></span> <span class='ocrx_word' id='word_1_112' title='bbox 370 1323 440 1372; x_wconf 82' lang='lat' dir='ltr'><strong>Dei:</strong></span> <span class='ocrx_word' id='word_1_113' title='bbox 468 1322 611 1372; x_wconf 77' lang='lat' dir='ltr'><strong>‘&#39;l&#39;antarn&#39;</strong></span> <span class='ocrx_word' id='word_1_114' title='bbox 638 1323 722 1388; x_wconf 89' lang='lat' dir='ltr'><strong>inquit</strong></span> <span class='ocrx_word' id='word_1_115' title='bbox 792 1322 928 1387; x_wconf 83' lang='lat' dir='ltr'><strong>Formidst]</strong></span> <span class='ocrx_word' id='word_1_116' title='bbox 945 1323 1073 1389; x_wconf 85' lang='lat' dir='ltr'><strong>Apposite</strong></span> <span class='ocrx_word' id='word_1_117' title='bbox 1084 1326 1166 1376; x_wconf 86' lang='lat' dir='ltr'><strong>utitur</strong></span> <span class='ocrx_word' id='word_1_118' title='bbox 1174 1326 1222 1376; x_wconf 85' lang='lat' dir='ltr'><strong>hue</strong></span> <span class='ocrx_word' id='word_1_119' title='bbox 1232 1343 1288 1378; x_wconf 85' lang='lat' dir='ltr'><strong>ver·</strong></span> 
     </span>
     <span class='ocr_line' id='line_1_13' title="bbox 192 1396 1287 1468; baseline 0.005 -22"><span class='ocrx_word' id='word_1_120' title='bbox 192 1396 322 1447; x_wconf 86' lang='lat' dir='ltr'><strong>‘Virtutis</strong></span> <span class='ocrx_word' id='word_1_121' title='bbox 332 1399 385 1447; x_wconf 84' lang='lat' dir='ltr'><strong>uim</strong></span> <span class='ocrx_word' id='word_1_122' title='bbox 397 1413 454 1447; x_wconf 87' lang='lat' dir='ltr'><strong>esse</strong></span> <span class='ocrx_word' id='word_1_123' title='bbox 465 1400 613 1461; x_wconf 80' lang='lat' dir='ltr'><strong>voluerunt,</strong></span> <span class='ocrx_word' id='word_1_124' title='bbox 629 1407 721 1449; x_wconf 86' lang='lat' dir='ltr'><strong>utnon</strong></span> <span class='ocrx_word' id='word_1_125' title='bbox 759 1397 802 1447; x_wconf 85' lang='lat' dir='ltr'><strong>bo.</strong></span> <span class='ocrx_word' id='word_1_126' title='bbox 836 1399 942 1448; x_wconf 88' lang='lat' dir='ltr'><strong>Lineam</strong></span> <span class='ocrx_word' id='word_1_127' title='bbox 955 1401 1112 1451; x_wconf 83' lang='lat' dir='ltr'><strong>venatoriam</strong></span> <span class='ocrx_word' id='word_1_128' title='bbox 1129 1403 1207 1452; x_wconf 83' lang='lat' dir='ltr'><strong>variis</strong></span> <span class='ocrx_word' id='word_1_129' title='bbox 1225 1417 1287 1468; x_wconf 86' lang='lat' dir='ltr'><strong>peu-</strong></span> 
     </span>
     <span class='ocr_line' id='line_1_14' title="bbox 192 1473 1287 1542; baseline 0.007 -21"><span class='ocrx_word' id='word_1_130' title='bbox 192 1473 273 1537; x_wconf 90' lang='lat' dir='ltr'><strong>possit</strong></span> <span class='ocrx_word' id='word_1_131' title='bbox 293 1488 351 1522; x_wconf 91' lang='lat' dir='ltr'><strong>esse</strong></span> <span class='ocrx_word' id='word_1_132' title='bbox 374 1487 486 1538; x_wconf 79' lang='lat' dir='ltr'><strong>unquam</strong></span> <span class='ocrx_word' id='word_1_133' title='bbox 507 1475 548 1523; x_wconf 82' lang='lat' dir='ltr'><strong>vir</strong></span> <span class='ocrx_word' id='word_1_134' title='bbox 569 1475 649 1524; x_wconf 92' lang='lat' dir='ltr'><strong>bonus</strong></span> <span class='ocrx_word' id='word_1_135' title='bbox 672 1490 721 1524; x_wconf 92' lang='lat' dir='ltr'><strong>non</strong></span> <span class='ocrx_word' id='word_1_136' title='bbox 758 1473 1233 1542; x_wconf 85' lang='lat' dir='ltr'><strong>niscunsertanr,Venaturesprupriu</strong></span> <span class='ocrx_word' id='word_1_137' title='bbox 1245 1495 1287 1530; x_wconf 84' lang='lat' dir='ltr'><strong>vu·</strong></span> 
     </span>
     <span class='ocr_line' id='line_1_15' title="bbox 192 1549 1286 1616; baseline 0.005 -17"><span class='ocrx_word' id='word_1_138' title='bbox 192 1549 299 1600; x_wconf 67' lang='lat' dir='ltr'><strong>beatus?</strong></span> <span class='ocrx_word' id='word_1_139' title='bbox 316 1551 393 1600; x_wconf 78' lang='lat' dir='ltr'><strong>Idem.</strong></span> <span class='ocrx_word' id='word_1_140' title='bbox 759 1550 853 1599; x_wconf 80' lang='lat' dir='ltr'><strong>cabulo</strong></span> <span class='ocrx_word' id='word_1_141' title='bbox 873 1551 967 1600; x_wconf 80' lang='lat' dir='ltr'><strong>Graece</strong></span> <span class='ocrx_word' id='word_1_142' title='bbox 981 1550 1096 1616; x_wconf 76' lang='grc' dir='ltr'><strong><em>μήρινθον,</em></strong></span> <span class='ocrx_word' id='word_1_143' title='bbox 1116 1555 1207 1604; x_wconf 82' lang='lat' dir='ltr'><strong>Latine</strong></span> <span class='ocrx_word' id='word_1_144' title='bbox 1219 1559 1226 1584; x_wconf 83' lang='lat'><strong>⁴</strong></span> <span class='ocrx_word' id='word_1_145' title='bbox 1236 1555 1286 1605; x_wconf 88' lang='lat' dir='ltr'><strong>fur·</strong></span> 
     </span>
    </p>

    <p class='ocr_par' dir='ltr' id='par_1_4' title="bbox 190 1625 1288 2223">
     <span class='ocr_line' id='line_1_16' title="bbox 225 1625 1287 1694; baseline 0.006 -20"><span class='ocrx_word' id='word_1_146' title='bbox 225 1625 294 1675; x_wconf 79' lang='lat' dir='ltr'><strong>Siout</strong></span> <span class='ocrx_word' id='word_1_147' title='bbox 306 1627 388 1688; x_wconf 85' lang='lat' dir='ltr'><strong>pmbis</strong></span> <span class='ocrx_word' id='word_1_148' title='bbox 396 1626 502 1688; x_wconf 74' lang='lat' dir='ltr'><strong>probitas</strong></span> <span class='ocrx_word' id='word_1_149' title='bbox 514 1628 568 1691; x_wconf 80' lang='lat' dir='ltr'><strong>ipro</strong></span> <span class='ocrx_word' id='word_1_150' title='bbox 577 1629 613 1693; x_wconf 74' lang='lat' dir='ltr'><strong>fit</strong></span> <span class='ocrx_word' id='word_1_151' title='bbox 626 1629 723 1692; x_wconf 77' lang='lat' dir='ltr'><strong>pressi·</strong></span> <span class='ocrx_word' id='word_1_152' title='bbox 759 1625 898 1676; x_wconf 85' lang='lat' dir='ltr'><strong>midinem&#39;</strong></span> <span class='ocrx_word' id='word_1_153' title='bbox 922 1626 955 1676; x_wconf 89' lang='lat' dir='ltr'><strong>ab</strong></span> <span class='ocrx_word' id='word_1_154' title='bbox 976 1629 1033 1690; x_wconf 88' lang='lat' dir='ltr'><strong>ipsu</strong></span> <span class='ocrx_word' id='word_1_155' title='bbox 1055 1627 1151 1679; x_wconf 82' lang='lat' dir='ltr'><strong>effectu</strong></span> <span class='ocrx_word' id='word_1_156' title='bbox 1172 1632 1287 1694; x_wconf 76' lang='lat' dir='ltr'><strong>appella-</strong></span> 
     </span>
     <span class='ocr_line' id='line_1_17' title="bbox 192 1699 1287 1767; baseline 0.004 -17"><span class='ocrx_word' id='word_1_157' title='bbox 192 1716 241 1762; x_wconf 82' lang='lat' dir='ltr'><strong>stu,</strong></span> <span class='ocrx_word' id='word_1_158' title='bbox 258 1703 295 1751; x_wconf 82' lang='lat' dir='ltr'><strong>lto</strong></span> <span class='ocrx_word' id='word_1_159' title='bbox 315 1702 427 1765; x_wconf 74' lang='lat' dir='ltr'><strong>improbis</strong></span> <span class='ocrx_word' id='word_1_160' title='bbox 444 1703 618 1766; x_wconf 62' lang='lat' dir='ltr'><strong>nequitissimus</strong></span> <span class='ocrx_word' id='word_1_161' title='bbox 636 1705 722 1767; x_wconf 78' lang='lat' dir='ltr'><strong>suppli·</strong></span> <span class='ocrx_word' id='word_1_162' title='bbox 759 1699 833 1764; x_wconf 85' lang='lat' dir='ltr'><strong>bant,</strong></span> <span class='ocrx_word' id='word_1_163' title='bbox 851 1703 925 1765; x_wconf 82' lang='lat' dir='ltr'><strong>crrjm</strong></span> <span class='ocrx_word' id='word_1_164' title='bbox 946 1705 1038 1755; x_wconf 85' lang='lat' dir='ltr'><strong>erebra</strong></span> <span class='ocrx_word' id='word_1_165' title='bbox 1056 1707 1204 1754; x_wconf 86' lang='lat' dir='ltr'><strong>auctoribus</strong></span> <span class='ocrx_word' id='word_1_166' title='bbox 1215 1721 1287 1756; x_wconf 87' lang='lat' dir='ltr'><strong>meu·</strong></span> 
     </span>
     <span class='ocr_line' id='line_1_18' title="bbox 191 1777 1286 1842; baseline 0.004 -16"><span class='ocrx_word' id='word_1_167' title='bbox 191 1777 265 1840; x_wconf 68' lang='grc' dir='ltr'><strong>ἀιιιιι]</strong></span> <span class='ocrx_word' id='word_1_168' title='bbox 277 1778 389 1827; x_wconf 81' lang='lat' dir='ltr'><strong>Gemina</strong></span> <span class='ocrx_word' id='word_1_169' title='bbox 397 1779 525 1827; x_wconf 86' lang='lat' dir='ltr'><strong>sententia</strong></span> <span class='ocrx_word' id='word_1_170' title='bbox 532 1780 600 1842; x_wconf 86' lang='lat' dir='ltr'><strong>apud</strong></span> <span class='ocrx_word' id='word_1_171' title='bbox 611 1780 723 1828; x_wconf 88' lang='lat' dir='ltr'><strong>Ambro·</strong></span> <span class='ocrx_word' id='word_1_172' title='bbox 760 1779 806 1827; x_wconf 90' lang='lat' dir='ltr'><strong>tio.</strong></span> <span class='ocrx_word' id='word_1_173' title='bbox 841 1780 956 1828; x_wconf 77' lang='lat' dir='ltr'><strong>Venusto</strong></span> <span class='ocrx_word' id='word_1_174' title='bbox 968 1789 1055 1830; x_wconf 88' lang='lat' dir='ltr'><strong>autem</strong></span> <span class='ocrx_word' id='word_1_175' title='bbox 1071 1789 1176 1831; x_wconf 82' lang='lat' dir='ltr'><strong>noster:</strong></span> <span class='ocrx_word' id='word_1_176' title='bbox 1190 1785 1197 1810; x_wconf 89' lang='lat'>‘</span> <span class='ocrx_word' id='word_1_177' title='bbox 1209 1783 1286 1831; x_wconf 84' lang='lat' dir='ltr'><strong>Pavi-</strong></span> 
     </span>
     <span class='ocr_line' id='line_1_19' title="bbox 192 1845 1288 1921; baseline 0.004 -19"><span class='ocrx_word' id='word_1_178' title='bbox 192 1856 258 1902; x_wconf 88' lang='lat' dir='ltr'><strong>sium</strong></span> <span class='ocrx_word' id='word_1_179' title='bbox 276 1853 354 1904; x_wconf 81' lang='lat' dir='ltr'><strong>Ollio.</strong></span> <span class='ocrx_word' id='word_1_180' title='bbox 365 1855 410 1904; x_wconf 87' lang='lat' dir='ltr'><strong>lib.</strong></span> <span class='ocrx_word' id='word_1_181' title='bbox 423 1869 445 1906; x_wconf 91' lang='grc' dir='ltr'><strong>ι.</strong></span> <span class='ocrx_word' id='word_1_182' title='bbox 459 1845 548 1919; x_wconf 66' lang='lat' dir='ltr'><strong>“Ergo</strong></span> <span class='ocrx_word' id='word_1_183' title='bbox 561 1858 654 1919; x_wconf 86' lang='lat' dir='ltr'><strong>impius</strong></span> <span class='ocrx_word' id='word_1_184' title='bbox 666 1860 722 1921; x_wconf 82' lang='lat' dir='ltr'><strong>ipss</strong></span> <span class='ocrx_word' id='word_1_185' title='bbox 759 1853 807 1902; x_wconf 89' lang='lat' dir='ltr'><strong>dus</strong></span> <span class='ocrx_word' id='word_1_186' title='bbox 819 1868 849 1902; x_wconf 87' lang='lat' dir='ltr'><strong>ae</strong></span> <span class='ocrx_word' id='word_1_187' title='bbox 868 1853 947 1916; x_wconf 74' lang='lat' dir='ltr'><strong>fugax</strong></span> <span class='ocrx_word' id='word_1_188' title='bbox 967 1869 1017 1904; x_wconf 92' lang='lat' dir='ltr'><strong>nou</strong></span> <span class='ocrx_word' id='word_1_189' title='bbox 1037 1857 1178 1905; x_wconf 84' lang='lat' dir='ltr'><strong>metuenda</strong></span> <span class='ocrx_word' id='word_1_190' title='bbox 1197 1857 1288 1906; x_wconf 87' lang='lat' dir='ltr'><strong>formi-</strong></span> 
     </span>
     <span class='ocr_line' id='line_1_20' title="bbox 191 1929 1285 1996; baseline 0.004 -18"><span class='ocrx_word' id='word_1_191' title='bbox 191 1930 240 1980; x_wconf 89' lang='lat' dir='ltr'><strong>sibi</strong></span> <span class='ocrx_word' id='word_1_192' title='bbox 253 1945 329 1992; x_wconf 86' lang='lat' dir='ltr'><strong>poena</strong></span> <span class='ocrx_word' id='word_1_193' title='bbox 340 1937 390 1993; x_wconf 86' lang='lat' dir='ltr'><strong>est,</strong></span> <span class='ocrx_word' id='word_1_194' title='bbox 398 1931 485 1992; x_wconf 86' lang='lat' dir='ltr'><strong>justus</strong></span> <span class='ocrx_word' id='word_1_195' title='bbox 497 1938 584 1981; x_wconf 87' lang='lat' dir='ltr'><strong>antem</strong></span> <span class='ocrx_word' id='word_1_196' title='bbox 601 1934 658 1996; x_wconf 90' lang='lat' dir='ltr'><strong>ipse</strong></span> <span class='ocrx_word' id='word_1_197' title='bbox 674 1935 722 1984; x_wconf 79' lang='lat' dir='ltr'><strong>albi</strong></span> <span class='ocrx_word' id='word_1_198' title='bbox 759 1929 822 1979; x_wconf 66' lang='lat' dir='ltr'><strong>dat!</strong></span> <span class='ocrx_word' id='word_1_199' title='bbox 832 1930 912 1979; x_wconf 86' lang='lat' dir='ltr'><strong>lineas</strong></span> <span class='ocrx_word' id='word_1_200' title='bbox 929 1931 997 1980; x_wconf 89' lang='lat' dir='ltr'><strong>enirn</strong></span> <span class='ocrx_word' id='word_1_201' title='bbox 1008 1933 1151 1996; x_wconf 80' lang='lat' dir='ltr'><strong>pinnasque</strong></span> <span class='ocrx_word' id='word_1_202' title='bbox 1162 1933 1218 1981; x_wconf 86' lang='lat' dir='ltr'><strong>illas</strong></span> <span class='ocrx_word' id='word_1_203' title='bbox 1229 1949 1285 1983; x_wconf 87' lang='lat' dir='ltr'><strong>esse</strong></span> 
     </span>
     <span class='ocr_line' id='line_1_21' title="bbox 190 2004 1285 2072; baseline 0.007 -18"><span class='ocrx_word' id='word_1_204' title='bbox 190 2007 283 2070; x_wconf 68' lang='lat' dir='ltr'><strong>gratia.</strong></span> <span class='ocrx_word' id='word_1_205' title='bbox 317 2009 355 2056; x_wconf 90' lang='lat' dir='ltr'><strong>Ut</strong></span> <span class='ocrx_word' id='word_1_206' title='bbox 366 2009 468 2072; x_wconf 81' lang='lat' dir='ltr'><strong>utrique</strong></span> <span class='ocrx_word' id='word_1_207' title='bbox 476 2016 521 2058; x_wconf 91' lang='lat' dir='ltr'><strong>aut</strong></span> <span class='ocrx_word' id='word_1_208' title='bbox 532 2008 732 2071; x_wconf 84' lang='lat' dir='ltr'><strong>bonorum,snt-</strong></span> <span class='ocrx_word' id='word_1_209' title='bbox 758 2004 825 2056; x_wconf 66' lang='lat' dir='ltr'><strong>eeu</strong></span> <span class='ocrx_word' id='word_1_210' title='bbox 845 2004 920 2066; x_wconf 71' lang='grc' dir='ltr'>φόβον</span> <span class='ocrx_word' id='word_1_211' title='bbox 940 2007 996 2071; x_wconf 73' lang='lat' dir='ltr'><strong>quis</strong></span> <span class='ocrx_word' id='word_1_212' title='bbox 1017 2007 1140 2068; x_wconf 81' lang='lat' dir='ltr'><strong>ignorat?</strong></span> <span class='ocrx_word' id='word_1_213' title='bbox 1165 2010 1232 2057; x_wconf 84' lang='lat' dir='ltr'><strong>Vide</strong></span> <span class='ocrx_word' id='word_1_214' title='bbox 1254 2011 1285 2060; x_wconf 85' lang='lat' dir='ltr'><strong>C.</strong></span> 
     </span>
     <span class='ocr_line' id='line_1_22' title="bbox 191 2081 1286 2152; baseline 0.004 -22"><span class='ocrx_word' id='word_1_215' title='bbox 191 2083 316 2132; x_wconf 85' lang='lat' dir='ltr'><strong>malorum</strong></span> <span class='ocrx_word' id='word_1_216' title='bbox 340 2097 448 2146; x_wconf 86' lang='lat' dir='ltr'><strong>opernm</strong></span> <span class='ocrx_word' id='word_1_217' title='bbox 467 2099 567 2134; x_wconf 89' lang='lat' dir='ltr'><strong>meroes</strong></span> <span class='ocrx_word' id='word_1_218' title='bbox 582 2099 616 2134; x_wconf 83' lang='lat' dir='ltr'><strong>ex</strong></span> <span class='ocrx_word' id='word_1_219' title='bbox 634 2087 720 2152; x_wconf 83' lang='lat' dir='ltr'><strong>seipso</strong></span> <span class='ocrx_word' id='word_1_220' title='bbox 759 2081 886 2132; x_wconf 87' lang='lat' dir='ltr'><strong>Ritterslr.</strong></span> <span class='ocrx_word' id='word_1_221' title='bbox 899 2083 1072 2134; x_wconf 83' lang='lat' dir='ltr'><strong>commentat.</strong></span> <span class='ocrx_word' id='word_1_222' title='bbox 1084 2085 1110 2133; x_wconf 89' lang='lat' dir='ltr'><strong>in</strong></span> <span class='ocrx_word' id='word_1_223' title='bbox 1129 2084 1243 2148; x_wconf 87' lang='lat' dir='ltr'><strong>Oppiau.</strong></span> <span class='ocrx_word' id='word_1_224' title='bbox 1255 2086 1286 2134; x_wconf 90' lang='lat' dir='ltr'><strong>li-</strong></span> 
     </span>
     <span class='ocr_line' id='line_1_23' title="bbox 191 2158 1286 2223; baseline 0.002 -17"><span class='ocrx_word' id='word_1_225' title='bbox 191 2158 316 2207; x_wconf 81' lang='lat' dir='ltr'><strong>suluitnr.&#39;</strong></span> <span class='ocrx_word' id='word_1_226' title='bbox 332 2161 447 2210; x_wconf 75' lang='lat' dir='ltr'><strong>Bernsrt.</strong></span> <span class='ocrx_word' id='word_1_227' title='bbox 758 2159 805 2207; x_wconf 90' lang='lat' dir='ltr'><strong>bro</strong></span> <span class='ocrx_word' id='word_1_228' title='bbox 818 2166 911 2222; x_wconf 87' lang='lat' dir='ltr'><strong>quartu</strong></span> <span class='ocrx_word' id='word_1_229' title='bbox 929 2160 1056 2223; x_wconf 80' lang='lat' dir='ltr'><strong>Cyneget.</strong></span> <span class='ocrx_word' id='word_1_230' title='bbox 1070 2175 1109 2210; x_wconf 86' lang='lat' dir='ltr'><strong>vs.</strong></span> <span class='ocrx_word' id='word_1_231' title='bbox 1120 2165 1177 2210; x_wconf 80' lang='lat' dir='ltr'><strong>eet.</strong></span> <span class='ocrx_word' id='word_1_232' title='bbox 1189 2167 1218 2210; x_wconf 91' lang='lat' dir='ltr'><strong>et</strong></span> <span class='ocrx_word' id='word_1_233' title='bbox 1228 2177 1286 2210; x_wconf 87' lang='lat' dir='ltr'><strong>eru-</strong></span> 
     </span>
    </p>

    <p class='ocr_par' dir='ltr' id='par_1_5' title="bbox 189 2233 1286 2449">
     <span class='ocr_line' id='line_1_24' title="bbox 223 2233 1286 2304; baseline 0.006 -24"><span class='ocrx_word' id='word_1_234' title='bbox 223 2235 509 2300; x_wconf 62' lang='lat' dir='ltr'><strong>fimftiguns-,atquem</strong></span> <span class='ocrx_word' id='word_1_235' title='bbox 517 2238 721 2302; x_wconf 53' lang='lat' dir='ltr'><strong>musmonem]</strong></span> <span class='ocrx_word' id='word_1_236' title='bbox 757 2233 842 2283; x_wconf 86' lang='lat' dir='ltr'><strong>dltiss.</strong></span> <span class='ocrx_word' id='word_1_237' title='bbox 862 2235 912 2304; x_wconf 50' lang='lat' dir='ltr'><strong>¹viri</strong></span> <span class='ocrx_word' id='word_1_238' title='bbox 933 2235 1017 2286; x_wconf 83' lang='lat' dir='ltr'><strong>Issaei</strong></span> <span class='ocrx_word' id='word_1_239' title='bbox 1039 2236 1183 2284; x_wconf 89' lang='lat' dir='ltr'><strong>Cssauboni</strong></span> <span class='ocrx_word' id='word_1_240' title='bbox 1207 2237 1233 2284; x_wconf 88' lang='lat' dir='ltr'><strong>in</strong></span> <span class='ocrx_word' id='word_1_241' title='bbox 1258 2239 1286 2286; x_wconf 87' lang='lat' dir='ltr'><strong>L.</strong></span> 
     </span>
     <span class='ocr_line' id='line_1_25' title="bbox 190 2308 1286 2375; baseline 0 -17"><span class='ocrx_word' id='word_1_242' title='bbox 190 2309 316 2359; x_wconf 76' lang='lat' dir='ltr'><strong>Homines</strong></span> <span class='ocrx_word' id='word_1_243' title='bbox 334 2324 382 2374; x_wconf 87' lang='lat' dir='ltr'><strong>pro</strong></span> <span class='ocrx_word' id='word_1_244' title='bbox 399 2312 567 2375; x_wconf 86' lang='lat' dir='ltr'><strong>qualitatibus</strong></span> <span class='ocrx_word' id='word_1_245' title='bbox 583 2327 682 2362; x_wconf 85' lang='lat' dir='ltr'><strong>morum</strong></span> <span class='ocrx_word' id='word_1_246' title='bbox 693 2320 721 2364; x_wconf 84' lang='lat' dir='ltr'><strong>et</strong></span> <span class='ocrx_word' id='word_1_247' title='bbox 758 2308 981 2373; x_wconf 75' lang='lat' dir='ltr'><strong>ApuleiiApolog.</strong></span> <span class='ocrx_word' id='word_1_248' title='bbox 999 2312 1123 2374; x_wconf 81' lang='lat' dir='ltr'><strong>castigat.</strong></span> <span class='ocrx_word' id='word_1_249' title='bbox 1133 2325 1242 2375; x_wconf 77' lang='lat' dir='ltr'><strong>quaque</strong></span> <span class='ocrx_word' id='word_1_250' title='bbox 1254 2312 1286 2360; x_wconf 87' lang='lat' dir='ltr'><strong>ab</strong></span> 
     </span>
     <span class='ocr_line' id='line_1_26' title="bbox 189 2385 1285 2449; baseline 0.001 -16"><span class='ocrx_word' id='word_1_251' title='bbox 189 2385 350 2449; x_wconf 81' lang='lat' dir='ltr'><strong>ingeniorum</strong></span> <span class='ocrx_word' id='word_1_252' title='bbox 362 2393 390 2434; x_wconf 88' lang='lat' dir='ltr'><strong>et</strong></span> <span class='ocrx_word' id='word_1_253' title='bbox 402 2385 552 2435; x_wconf 83' lang='lat' dir='ltr'><strong>adfectuum</strong></span> <span class='ocrx_word' id='word_1_254' title='bbox 566 2387 657 2436; x_wconf 86' lang='lat' dir='ltr'><strong>bestiis</strong></span> <span class='ocrx_word' id='word_1_255' title='bbox 674 2389 719 2436; x_wconf 89' lang='lat' dir='ltr'><strong>ad·</strong></span> <span class='ocrx_word' id='word_1_256' title='bbox 755 2385 795 2434; x_wconf 86' lang='lat' dir='ltr'><strong>lris</strong></span> <span class='ocrx_word' id='word_1_257' title='bbox 808 2386 887 2434; x_wconf 89' lang='lat' dir='ltr'><strong>allata</strong></span> <span class='ocrx_word' id='word_1_258' title='bbox 905 2386 1000 2448; x_wconf 87' lang='lat' dir='ltr'><strong>repetit</strong></span> <span class='ocrx_word' id='word_1_259' title='bbox 1018 2388 1061 2434; x_wconf 83' lang='lat' dir='ltr'><strong>Fr.</strong></span> <span class='ocrx_word' id='word_1_260' title='bbox 1082 2387 1168 2437; x_wconf 81' lang='lat' dir='ltr'><strong>buret.</strong></span> <span class='ocrx_word' id='word_1_261' title='bbox 1186 2387 1211 2435; x_wconf 93' lang='lat' dir='ltr'><strong>in</strong></span> <span class='ocrx_word' id='word_1_262' title='bbox 1222 2388 1285 2435; x_wconf 84' lang='lat' dir='ltr'><strong>Mis-</strong></span> 
     </span>
    </p>
   </div>
   <div class='ocr_carea' id='block_1_3' title="bbox 190 2461 1368 2538">
    <p class='ocr_par' dir='ltr' id='par_1_6' title="bbox 190 2461 1368 2538">
     <span class='ocr_line' id='line_1_27' title="bbox 190 2461 1368 2538; baseline 0.003 -30"><span class='ocrx_word' id='word_1_263' title='bbox 190 2470 332 2525; x_wconf 78' lang='lat' dir='ltr'><strong>aequantur.</strong></span> <span class='ocrx_word' id='word_1_264' title='bbox 363 2461 433 2510; x_wconf 83' lang='lat' dir='ltr'><strong>Vide</strong></span> <span class='ocrx_word' id='word_1_265' title='bbox 451 2462 598 2525; x_wconf 72' lang='lat' dir='ltr'><strong>Prolegom.</strong></span> <span class='ocrx_word' id='word_1_266' title='bbox 619 2464 646 2525; x_wconf 88' lang='lat' dir='ltr'><strong>in</strong></span> <span class='ocrx_word' id='word_1_267' title='bbox 664 2465 720 2527; x_wconf 86' lang='lat' dir='ltr'><strong>Op·</strong></span> <span class='ocrx_word' id='word_1_268' title='bbox 755 2461 814 2510; x_wconf 86' lang='lat' dir='ltr'><strong>cell.</strong></span> <span class='ocrx_word' id='word_1_269' title='bbox 832 2461 864 2509; x_wconf 88' lang='lat' dir='ltr'><strong>ad</strong></span> <span class='ocrx_word' id='word_1_270' title='bbox 882 2461 1026 2524; x_wconf 83' lang='lat' dir='ltr'><strong>Symmaelr.</strong></span> <span class='ocrx_word' id='word_1_271' title='bbox 1042 2462 1087 2512; x_wconf 84' lang='lat' dir='ltr'><strong>lib.</strong></span> <span class='ocrx_word' id='word_1_272' title='bbox 1108 2476 1127 2510; x_wconf 91' lang='grc' dir='ltr'><strong>ι.</strong></span> <span class='ocrx_word' id='word_1_273' title='bbox 1148 2463 1285 2525; x_wconf 70' lang='lat' dir='ltr'><strong>alpisum.</strong></span> <span class='ocrx_word' id='word_1_274' title='bbox 1367 2531 1368 2538; x_wconf 10' lang='grc' dir='ltr'>ἵ</span> 
     </span>
    </p>
   </div>
   <div class='ocr_carea' id='block_1_4' title="bbox 185 2537 1286 4339">
    <p class='ocr_par' dir='ltr' id='par_1_7' title="bbox 185 2537 1286 4339">
     <span class='ocr_line' id='line_1_28' title="bbox 190 2537 939 2603; baseline 0.012 -16"><span class='ocrx_word' id='word_1_275' title='bbox 190 2538 258 2603; x_wconf 87' lang='lat' dir='ltr'><strong>plan.</strong></span> <span class='ocrx_word' id='word_1_276' title='bbox 274 2537 386 2590; x_wconf 74' lang='lat' dir='ltr'><strong>conrad.</strong></span> <span class='ocrx_word' id='word_1_277' title='bbox 398 2541 524 2590; x_wconf 83' lang='lat' dir='ltr'><strong>Ritterslr.</strong></span> <span class='ocrx_word' id='word_1_278' title='bbox 537 2551 564 2591; x_wconf 88' lang='lat' dir='ltr'><strong>et</strong></span> <span class='ocrx_word' id='word_1_279' title='bbox 576 2544 659 2592; x_wconf 87' lang='lat' dir='ltr'><strong>Notas</strong></span> <span class='ocrx_word' id='word_1_280' title='bbox 673 2546 718 2592; x_wconf 77' lang='grc' dir='ltr'><strong>Νι·</strong></span> <span class='ocrx_word' id='word_1_281' title='bbox 755 2538 831 2587; x_wconf 78' lang='lat' dir='ltr'><strong>Item.</strong></span> <span class='ocrx_word' id='word_1_282' title='bbox 936 2589 939 2596; x_wconf 95' lang='grc'><em>,</em></span> 
     </span>
     <span class='ocr_line' id='line_1_29' title="bbox 189 2613 1284 2680; baseline 0.003 -16"><span class='ocrx_word' id='word_1_283' title='bbox 189 2617 256 2666; x_wconf 87' lang='lat' dir='ltr'><strong>colai</strong></span> <span class='ocrx_word' id='word_1_284' title='bbox 272 2617 378 2680; x_wconf 78' lang='lat' dir='ltr'><strong>Rigaltli</strong></span> <span class='ocrx_word' id='word_1_285' title='bbox 388 2617 420 2666; x_wconf 89' lang='lat' dir='ltr'><strong>ad</strong></span> <span class='ocrx_word' id='word_1_286' title='bbox 435 2617 549 2668; x_wconf 86' lang='lat' dir='ltr'><strong>Prooem.</strong></span> <span class='ocrx_word' id='word_1_287' title='bbox 561 2619 625 2668; x_wconf 76' lang='lat' dir='ltr'><strong>Fal).</strong></span> <span class='ocrx_word' id='word_1_288' title='bbox 644 2620 718 2669; x_wconf 81' lang='lat' dir='ltr'><strong>Phae·</strong></span> <span class='ocrx_word' id='word_1_289' title='bbox 773 2613 872 2663; x_wconf 74' lang='lat' dir='ltr'><strong>-Getvt&#39;t</strong></span> <span class='ocrx_word' id='word_1_290' title='bbox 883 2614 968 2662; x_wconf 67' lang='lat' dir='ltr'><strong>similit</strong></span> <span class='ocrx_word' id='word_1_291' title='bbox 978 2614 1103 2678; x_wconf 79' lang='lat' dir='ltr'><strong>labentur]</strong></span> <span class='ocrx_word' id='word_1_292' title='bbox 1114 2614 1284 2664; x_wconf 75' lang='lat' dir='ltr'><strong>Nolissimum</strong></span> 
     </span>
     <span class='ocr_line' id='line_1_30' title="bbox 189 2689 1284 2757; baseline -0.003 -17"><span class='ocrx_word' id='word_1_293' title='bbox 189 2691 240 2754; x_wconf 88' lang='lat' dir='ltr'><strong>dri,</strong></span> <span class='ocrx_word' id='word_1_294' title='bbox 249 2693 316 2742; x_wconf 87' lang='lat' dir='ltr'><strong>libro</strong></span> <span class='ocrx_word' id='word_1_295' title='bbox 327 2694 418 2757; x_wconf 88' lang='lat' dir='ltr'><strong>primo.</strong></span> <span class='ocrx_word' id='word_1_296' title='bbox 435 2694 520 2744; x_wconf 76' lang='lat' dir='ltr'><strong>dltsrn.</strong></span> <span class='ocrx_word' id='word_1_297' title='bbox 755 2689 819 2738; x_wconf 84' lang='lat' dir='ltr'><strong>nihil</strong></span> <span class='ocrx_word' id='word_1_298' title='bbox 841 2692 925 2738; x_wconf 82' lang='lat' dir='ltr'><strong>cervis</strong></span> <span class='ocrx_word' id='word_1_299' title='bbox 944 2691 1031 2740; x_wconf 89' lang='lat' dir='ltr'><strong>vivere</strong></span> <span class='ocrx_word' id='word_1_300' title='bbox 1052 2691 1174 2740; x_wconf 84' lang='lat' dir='ltr'><strong>timidius.</strong></span> <span class='ocrx_word' id='word_1_301' title='bbox 1208 2691 1284 2740; x_wconf 77' lang='lat' dir='ltr'><strong>erotl</strong></span> 
     </span>
     <span class='ocr_line' id='line_1_31' title="bbox 222 2765 1284 2832; baseline -0.005 -16"><span class='ocrx_word' id='word_1_302' title='bbox 222 2769 382 2831; x_wconf 75' lang='lat' dir='ltr'><strong>Feruxutqse</strong></span> <span class='ocrx_word' id='word_1_303' title='bbox 390 2769 509 2832; x_wconf 76' lang='lat' dir='ltr'><strong>inquietas</strong></span> <span class='ocrx_word' id='word_1_304' title='bbox 519 2772 719 2832; x_wconf 72' lang='lat' dir='ltr'><strong>bugssmlitigtls</strong></span> <span class='ocrx_word' id='word_1_305' title='bbox 756 2780 818 2814; x_wconf 84' lang='lat' dir='ltr'><strong>vero</strong></span> <span class='ocrx_word' id='word_1_306' title='bbox 838 2767 874 2815; x_wconf 89' lang='lat' dir='ltr'><strong>D.</strong></span> <span class='ocrx_word' id='word_1_307' title='bbox 897 2765 1022 2814; x_wconf 84' lang='lat' dir='ltr'><strong>Rittersh.</strong></span> <span class='ocrx_word' id='word_1_308' title='bbox 1045 2766 1070 2813; x_wconf 91' lang='lat' dir='ltr'><strong>iu</strong></span> <span class='ocrx_word' id='word_1_309' title='bbox 1091 2767 1235 2815; x_wconf 88' lang='lat' dir='ltr'><strong>Couuuent.</strong></span> <span class='ocrx_word' id='word_1_310' title='bbox 1252 2767 1284 2812; x_wconf 87' lang='lat' dir='ltr'><strong>ud</strong></span> 
     </span>
     <span class='ocr_line' id='line_1_32' title="bbox 189 2839 1285 2908; baseline -0.006 -15"><span class='ocrx_word' id='word_1_311' title='bbox 189 2843 300 2895; x_wconf 65' lang='lat' dir='ltr'><strong>aerem?</strong></span> <span class='ocrx_word' id='word_1_312' title='bbox 323 2845 377 2893; x_wconf 82' lang='lat' dir='ltr'><strong>uani</strong></span> <span class='ocrx_word' id='word_1_313' title='bbox 397 2845 572 2908; x_wconf 79' lang='lat' dir='ltr'><strong>comparabilis]</strong></span> <span class='ocrx_word' id='word_1_314' title='bbox 596 2848 655 2896; x_wconf 83' lang='lat' dir='ltr'><strong>Non</strong></span> <span class='ocrx_word' id='word_1_315' title='bbox 673 2849 718 2897; x_wconf 76' lang='lat' dir='ltr'><strong>im.</strong></span> <span class='ocrx_word' id='word_1_316' title='bbox 757 2840 872 2903; x_wconf 79' lang='lat' dir='ltr'><strong>Oppiae.</strong></span> <span class='ocrx_word' id='word_1_317' title='bbox 890 2839 935 2889; x_wconf 89' lang='lat' dir='ltr'><strong>lib.</strong></span> <span class='ocrx_word' id='word_1_318' title='bbox 955 2855 986 2888; x_wconf 93' lang='grc' dir='ltr'><strong>ιι.</strong></span> <span class='ocrx_word' id='word_1_319' title='bbox 1005 2841 1101 2903; x_wconf 84' lang='lat' dir='ltr'><strong>Cyneg.</strong></span> <span class='ocrx_word' id='word_1_320' title='bbox 1122 2855 1159 2889; x_wconf 88' lang='lat' dir='ltr'><strong>vs.</strong></span> <span class='ocrx_word' id='word_1_321' title='bbox 1181 2845 1235 2889; x_wconf 79' lang='lat'><strong>182.</strong></span> <span class='ocrx_word' id='word_1_322' title='bbox 1252 2855 1285 2888; x_wconf 88' lang='lat' dir='ltr'><strong>ex</strong></span> 
     </span>
     <span class='ocr_line' id='line_1_33' title="bbox 187 2916 1286 2984; baseline -0.003 -18"><span class='ocrx_word' id='word_1_323' title='bbox 187 2921 271 2982; x_wconf 82' lang='lat' dir='ltr'><strong>proba</strong></span> <span class='ocrx_word' id='word_1_324' title='bbox 285 2921 350 2982; x_wconf 71' lang='lat' dir='ltr'><strong>hac,</strong></span> <span class='ocrx_word' id='word_1_325' title='bbox 369 2923 414 2969; x_wconf 83' lang='lat' dir='ltr'><strong>sed</strong></span> <span class='ocrx_word' id='word_1_326' title='bbox 434 2937 466 2970; x_wconf 79' lang='lat' dir='ltr'><strong>an</strong></span> <span class='ocrx_word' id='word_1_327' title='bbox 486 2923 605 2971; x_wconf 72' lang='lat' dir='ltr'><strong>sincera?</strong></span> <span class='ocrx_word' id='word_1_328' title='bbox 623 2934 720 2984; x_wconf 68' lang='lat' dir='ltr'><strong>negant</strong></span> <span class='ocrx_word' id='word_1_329' title='bbox 756 2916 869 2964; x_wconf 83' lang='lat' dir='ltr'><strong>Aristot.</strong></span> <span class='ocrx_word' id='word_1_330' title='bbox 891 2918 1051 2980; x_wconf 77' lang='lat' dir='ltr'><strong>Virgilioque</strong></span> <span class='ocrx_word' id='word_1_331' title='bbox 1071 2924 1159 2965; x_wconf 87' lang='lat' dir='ltr'><strong>mouet</strong></span> <span class='ocrx_word' id='word_1_332' title='bbox 1177 2917 1225 2964; x_wconf 87' lang='lat' dir='ltr'><strong>hoc</strong></span> <span class='ocrx_word' id='word_1_333' title='bbox 1243 2931 1286 2963; x_wconf 89' lang='lat' dir='ltr'><strong>ve·</strong></span> 
     </span>
     <span class='ocr_line' id='line_1_34' title="bbox 188 2991 1286 3060; baseline -0.005 -17"><span class='ocrx_word' id='word_1_334' title='bbox 188 2996 255 3045; x_wconf 83' lang='lat' dir='ltr'><strong>Mas.</strong></span> <span class='ocrx_word' id='word_1_335' title='bbox 283 2996 327 3058; x_wconf 92' lang='lat' dir='ltr'><strong>qni</strong></span> <span class='ocrx_word' id='word_1_336' title='bbox 355 3003 512 3058; x_wconf 77' lang='lat' dir='ltr'><strong>suggerunt:</strong></span> <span class='ocrx_word' id='word_1_337' title='bbox 532 3003 603 3058; x_wconf 78' lang='lat' dir='ltr'><strong>atque</strong></span> <span class='ocrx_word' id='word_1_338' title='bbox 629 2999 721 3060; x_wconf 77' lang='lat' dir='ltr'><strong>inquies</strong></span> <span class='ocrx_word' id='word_1_339' title='bbox 757 3004 812 3038; x_wconf 88' lang='lat' dir='ltr'><strong>rum</strong></span> <span class='ocrx_word' id='word_1_340' title='bbox 832 3005 890 3039; x_wconf 89' lang='lat' dir='ltr'><strong>esse</strong></span> <span class='ocrx_word' id='word_1_341' title='bbox 910 2992 943 3039; x_wconf 87' lang='lat' dir='ltr'><strong>de</strong></span> <span class='ocrx_word' id='word_1_342' title='bbox 965 2991 1050 3040; x_wconf 85' lang='lat' dir='ltr'><strong>cervis</strong></span> <span class='ocrx_word' id='word_1_343' title='bbox 1072 2998 1147 3041; x_wconf 82' lang='lat' dir='ltr'><strong>extra</strong></span> <span class='ocrx_word' id='word_1_344' title='bbox 1171 2992 1286 3054; x_wconf 85' lang='lat' dir='ltr'><strong>quamsi</strong></span> 
     </span>
     <span class='ocr_line' id='line_1_35' title="bbox 186 3067 1284 3134; baseline -0.005 -14"><span class='ocrx_word' id='word_1_345' title='bbox 186 3073 296 3132; x_wconf 73' lang='lat' dir='ltr'><strong>linguam</strong></span> <span class='ocrx_word' id='word_1_346' title='bbox 307 3071 396 3132; x_wconf 73' lang='lat' dir='ltr'><strong>litigiis</strong></span> <span class='ocrx_word' id='word_1_347' title='bbox 406 3069 519 3121; x_wconf 72' lang='lat' dir='ltr'><strong>exercet?</strong></span> <span class='ocrx_word' id='word_1_348' title='bbox 534 3074 589 3121; x_wconf 81' lang='lat' dir='ltr'><strong>enai</strong></span> <span class='ocrx_word' id='word_1_349' title='bbox 602 3087 720 3134; x_wconf 78' lang='lat' dir='ltr'><strong>comparo·</strong></span> <span class='ocrx_word' id='word_1_350' title='bbox 756 3067 864 3115; x_wconf 87' lang='lat' dir='ltr'><strong>libidine</strong></span> <span class='ocrx_word' id='word_1_351' title='bbox 883 3067 1055 3127; x_wconf 84' lang='lat' dir='ltr'><strong>stimulentur,</strong></span> <span class='ocrx_word' id='word_1_352' title='bbox 1077 3073 1187 3116; x_wconf 87' lang='lat' dir='ltr'><strong>testatur</strong></span> <span class='ocrx_word' id='word_1_353' title='bbox 1206 3067 1284 3116; x_wconf 85' lang='lat' dir='ltr'><strong>etiarn</strong></span> 
     </span>
     <span class='ocr_line' id='line_1_36' title="bbox 187 3144 1286 3212; baseline -0.004 -17"><span class='ocrx_word' id='word_1_354' title='bbox 187 3147 233 3196; x_wconf 76' lang='lat' dir='ltr'><strong>bis.</strong></span> <span class='ocrx_word' id='word_1_355' title='bbox 267 3146 384 3195; x_wconf 82' lang='lat' dir='ltr'><strong>Plinius:</strong></span> <span class='ocrx_word' id='word_1_356' title='bbox 412 3148 467 3196; x_wconf 84' lang='lat' dir='ltr'><strong>‘Nl</strong></span> <span class='ocrx_word' id='word_1_357' title='bbox 493 3150 591 3197; x_wconf 86' lang='lat' dir='ltr'><strong>animus</strong></span> <span class='ocrx_word' id='word_1_358' title='bbox 618 3147 719 3212; x_wconf 88' lang='lat' dir='ltr'><strong>inquies</strong></span> <span class='ocrx_word' id='word_1_359' title='bbox 757 3144 858 3192; x_wconf 84' lang='lat' dir='ltr'><strong>Seneca</strong></span> <span class='ocrx_word' id='word_1_360' title='bbox 879 3145 906 3191; x_wconf 93' lang='lat' dir='ltr'><strong>iu</strong></span> <span class='ocrx_word' id='word_1_361' title='bbox 928 3144 1081 3206; x_wconf 77' lang='lat' dir='ltr'><strong>Hippolyto,</strong></span> <span class='ocrx_word' id='word_1_362' title='bbox 1098 3144 1136 3192; x_wconf 88' lang='lat' dir='ltr'><strong>his</strong></span> <span class='ocrx_word' id='word_1_363' title='bbox 1157 3144 1286 3192; x_wconf 85' lang='lat' dir='ltr'><strong>versibus:</strong></span> 
     </span>
     <span class='ocr_line' id='line_1_37' title="bbox 188 3219 1284 3285; baseline -0.004 -13"><span class='ocrx_word' id='word_1_364' title='bbox 188 3223 450 3285; x_wconf 86' lang='lat' dir='ltr'><strong>pasceretnropere.&#39;</strong></span> <span class='ocrx_word' id='word_1_365' title='bbox 482 3224 633 3273; x_wconf 89' lang='lat' dir='ltr'><strong>Sallustius:</strong></span> <span class='ocrx_word' id='word_1_366' title='bbox 645 3225 718 3273; x_wconf 75' lang='lat' dir='ltr'><strong>‘flu</strong></span> <span class='ocrx_word' id='word_1_367' title='bbox 755 3219 800 3268; x_wconf 84' lang='lat' dir='ltr'><strong>‘Si</strong></span> <span class='ocrx_word' id='word_1_368' title='bbox 818 3219 938 3283; x_wconf 77' lang='lat' dir='ltr'><strong>conjugio</strong></span> <span class='ocrx_word' id='word_1_369' title='bbox 949 3219 1057 3268; x_wconf 87' lang='lat' dir='ltr'><strong>tirnuere</strong></span> <span class='ocrx_word' id='word_1_370' title='bbox 1070 3234 1116 3269; x_wconf 92' lang='lat' dir='ltr'><strong>suo</strong></span> <span class='ocrx_word' id='word_1_371' title='bbox 1126 3220 1242 3269; x_wconf 88' lang='lat' dir='ltr'><strong>Posennt</strong></span> <span class='ocrx_word' id='word_1_372' title='bbox 1253 3221 1284 3269; x_wconf 90' lang='lat' dir='ltr'><strong>ti·</strong></span> 
     </span>
     <span class='ocr_line' id='line_1_38' title="bbox 187 3294 1111 3364; baseline -0.004 -18"><span class='ocrx_word' id='word_1_373' title='bbox 187 3311 290 3346; x_wconf 87' lang='lat' dir='ltr'><strong>manum</strong></span> <span class='ocrx_word' id='word_1_374' title='bbox 302 3312 382 3361; x_wconf 79' lang='lat' dir='ltr'><strong>genus</strong></span> <span class='ocrx_word' id='word_1_375' title='bbox 397 3298 496 3364; x_wconf 87' lang='lat' dir='ltr'><strong>inquies</strong></span> <span class='ocrx_word' id='word_1_376' title='bbox 514 3305 593 3364; x_wconf 89' lang='lat' dir='ltr'><strong>atque</strong></span> <span class='ocrx_word' id='word_1_377' title='bbox 610 3299 718 3348; x_wconf 89' lang='lat' dir='ltr'><strong>indomi.</strong></span> <span class='ocrx_word' id='word_1_378' title='bbox 755 3295 817 3344; x_wconf 89' lang='lat' dir='ltr'><strong>rnldl</strong></span> <span class='ocrx_word' id='word_1_379' title='bbox 832 3296 921 3357; x_wconf 83' lang='lat' dir='ltr'><strong>proelia</strong></span> <span class='ocrx_word' id='word_1_380' title='bbox 932 3294 1022 3346; x_wconf 66' lang='lat' dir='ltr'><strong>cervi.²</strong></span> <span class='ocrx_word' id='word_1_381' title='bbox 1038 3295 1111 3344; x_wconf 73' lang='lat' dir='ltr'><strong>idern.</strong></span> 
     </span>
     <span class='ocr_line' id='line_1_39' title="bbox 189 3369 1284 3434; baseline -0.002 -13"><span class='ocrx_word' id='word_1_382' title='bbox 189 3372 263 3422; x_wconf 63' lang='lat' dir='ltr'><strong>tum!</strong></span> <span class='ocrx_word' id='word_1_383' title='bbox 280 3373 398 3422; x_wconf 83' lang='lat' dir='ltr'><strong>Bernort.</strong></span> <span class='ocrx_word' id='word_1_384' title='bbox 786 3371 868 3420; x_wconf 82' lang='lat' dir='ltr'><strong>Foeda&#39;s</strong></span> <span class='ocrx_word' id='word_1_385' title='bbox 888 3369 1057 3434; x_wconf 80' lang='lat' dir='ltr'><strong>immundisque</strong></span> <span class='ocrx_word' id='word_1_386' title='bbox 1082 3370 1219 3419; x_wconf 77' lang='lat' dir='ltr'><strong>libidinibus</strong></span> <span class='ocrx_word' id='word_1_387' title='bbox 1240 3373 1284 3419; x_wconf 80' lang='lat' dir='ltr'><strong>im·</strong></span> 
     </span>
     <span class='ocr_line' id='line_1_40' title="bbox 220 3445 1283 3510; baseline -0.001 -14"><span class='ocrx_word' id='word_1_388' title='bbox 220 3448 380 3510; x_wconf 82' lang='lat' dir='ltr'><strong>Feruxotqse</strong></span> <span class='ocrx_word' id='word_1_389' title='bbox 390 3448 520 3510; x_wconf 61' lang='lat' dir='ltr'><strong>isqaietad</strong></span> <span class='ocrx_word' id='word_1_390' title='bbox 536 3448 716 3499; x_wconf 85' lang='lat' dir='ltr'><strong>Mss.etedit.</strong></span> <span class='ocrx_word' id='word_1_391' title='bbox 753 3447 882 3508; x_wconf 79' lang='lat' dir='ltr'><strong>mergitur]</strong></span> <span class='ocrx_word' id='word_1_392' title='bbox 895 3447 1007 3495; x_wconf 82' lang='lat' dir='ltr'><strong>Salvian.</strong></span> <span class='ocrx_word' id='word_1_393' title='bbox 1019 3445 1064 3495; x_wconf 87' lang='lat' dir='ltr'><strong>lib.</strong></span> <span class='ocrx_word' id='word_1_394' title='bbox 1074 3459 1125 3493; x_wconf 82' lang='lat' dir='ltr'><strong>uu.</strong></span> <span class='ocrx_word' id='word_1_395' title='bbox 1159 3446 1199 3493; x_wconf 88' lang='lat' dir='ltr'><strong>De</strong></span> <span class='ocrx_word' id='word_1_396' title='bbox 1214 3445 1283 3496; x_wconf 88' lang='lat' dir='ltr'><strong>Gub.</strong></span> 
     </span>
     <span class='ocr_line' id='line_1_41' title="bbox 188 3520 1284 3587; baseline -0.003 -16"><span class='ocrx_word' id='word_1_397' title='bbox 188 3522 306 3572; x_wconf 86' lang='lat' dir='ltr'><strong>Norimb.</strong></span> <span class='ocrx_word' id='word_1_398' title='bbox 326 3537 384 3571; x_wconf 92' lang='lat' dir='ltr'><strong>cum</strong></span> <span class='ocrx_word' id='word_1_399' title='bbox 406 3524 522 3573; x_wconf 83' lang='lat' dir='ltr'><strong>Floreat.</strong></span> <span class='ocrx_word' id='word_1_400' title='bbox 544 3526 626 3573; x_wconf 76' lang='lat' dir='ltr'><strong>Ferox</strong></span> <span class='ocrx_word' id='word_1_401' title='bbox 646 3530 717 3587; x_wconf 82' lang='lat' dir='ltr'><strong>atque</strong></span> <span class='ocrx_word' id='word_1_402' title='bbox 752 3524 822 3570; x_wconf 86' lang='lat' dir='ltr'><strong>Dei:</strong></span> <span class='ocrx_word' id='word_1_403' title='bbox 839 3520 1284 3582; x_wconf 83' lang='lat' dir='ltr'><strong>‘Quisputentumacdlritnnrnon</strong></span> 
     </span>
     <span class='ocr_line' id='line_1_42' title="bbox 187 3595 1284 3664; baseline -0.004 -16"><span class='ocrx_word' id='word_1_404' title='bbox 187 3597 292 3661; x_wconf 65' lang='lat' dir='ltr'><strong>musicas</strong></span> <span class='ocrx_word' id='word_1_405' title='bbox 308 3613 368 3664; x_wconf 79' lang='lat' dir='ltr'><strong>qnae</strong></span> <span class='ocrx_word' id='word_1_406' title='bbox 384 3601 462 3648; x_wconf 89' lang='lat' dir='ltr'><strong>leetlo</strong></span> <span class='ocrx_word' id='word_1_407' title='bbox 479 3613 529 3648; x_wconf 90' lang='lat' dir='ltr'><strong>non</strong></span> <span class='ocrx_word' id='word_1_408' title='bbox 546 3599 715 3664; x_wconf 86' lang='lat' dir='ltr'><strong>repudianda.</strong></span> <span class='ocrx_word' id='word_1_409' title='bbox 753 3597 844 3645; x_wconf 90' lang='lat' dir='ltr'><strong>inlntu</strong></span> <span class='ocrx_word' id='word_1_410' title='bbox 856 3595 968 3644; x_wconf 87' lang='lat' dir='ltr'><strong>libidinis</strong></span> <span class='ocrx_word' id='word_1_411' title='bbox 980 3596 1190 3658; x_wconf 83' lang='lat' dir='ltr'><strong>visitiquisuon</strong></span> <span class='ocrx_word' id='word_1_412' title='bbox 1201 3610 1228 3644; x_wconf 90' lang='lat' dir='ltr'><strong>se</strong></span> <span class='ocrx_word' id='word_1_413' title='bbox 1241 3596 1284 3644; x_wconf 86' lang='lat' dir='ltr'><strong>ba·</strong></span> 
     </span>
     <span class='ocr_line' id='line_1_43' title="bbox 187 3671 1283 3724; baseline 0.002 -2"><span class='ocrx_word' id='word_1_414' title='bbox 187 3674 294 3723; x_wconf 83' lang='lat' dir='ltr'><strong>Tacitus</strong></span> <span class='ocrx_word' id='word_1_415' title='bbox 310 3688 330 3723; x_wconf 89' lang='lat'><strong>1.</strong></span> <span class='ocrx_word' id='word_1_416' title='bbox 349 3673 443 3723; x_wconf 87' lang='lat' dir='ltr'><strong>Annal.</strong></span> <span class='ocrx_word' id='word_1_417' title='bbox 461 3675 558 3723; x_wconf 86' lang='lat' dir='ltr'><strong>‘Haud</strong></span> <span class='ocrx_word' id='word_1_418' title='bbox 578 3676 660 3724; x_wconf 88' lang='lat' dir='ltr'><strong>ruinns</strong></span> <span class='ocrx_word' id='word_1_419' title='bbox 678 3677 716 3724; x_wconf 90' lang='lat' dir='ltr'><strong>in·</strong></span> <span class='ocrx_word' id='word_1_420' title='bbox 752 3674 840 3722; x_wconf 88' lang='lat' dir='ltr'><strong>ratluo</strong></span> <span class='ocrx_word' id='word_1_421' title='bbox 858 3671 1039 3722; x_wconf 76' lang='lat' dir='ltr'><strong>sordidissimae</strong></span> <span class='ocrx_word' id='word_1_422' title='bbox 1063 3674 1212 3724; x_wconf 84' lang='lat' dir='ltr'><strong>colluvionis</strong></span> <span class='ocrx_word' id='word_1_423' title='bbox 1237 3675 1283 3724; x_wconf 90' lang='lat' dir='ltr'><strong>im·</strong></span> 
     </span>
     <span class='ocr_line' id='line_1_44' title="bbox 188 3747 959 3813; baseline -0.001 -16"><span class='ocrx_word' id='word_1_424' title='bbox 188 3750 260 3812; x_wconf 89' lang='lat' dir='ltr'><strong>quies</strong></span> <span class='ocrx_word' id='word_1_425' title='bbox 281 3749 426 3798; x_wconf 82' lang='lat' dir='ltr'><strong>Germanus</strong></span> <span class='ocrx_word' id='word_1_426' title='bbox 450 3763 506 3811; x_wconf 85' lang='lat' dir='ltr'><strong>spe,</strong></span> <span class='ocrx_word' id='word_1_427' title='bbox 534 3751 664 3813; x_wconf 85' lang='lat' dir='ltr'><strong>cupidine,</strong></span> <span class='ocrx_word' id='word_1_428' title='bbox 689 3757 717 3799; x_wconf 89' lang='lat' dir='ltr'><strong>et</strong></span> <span class='ocrx_word' id='word_1_429' title='bbox 752 3751 842 3798; x_wconf 90' lang='lat' dir='ltr'><strong>mersit</strong></span> <span class='ocrx_word' id='word_1_430' title='bbox 850 3747 867 3795; x_wconf 85' lang='lat' dir='ltr'><strong>l&#39;</strong></span> <span class='ocrx_word' id='word_1_431' title='bbox 884 3749 959 3797; x_wconf 84' lang='lat' dir='ltr'><strong>Idem.</strong></span> 
     </span>
     <span class='ocr_line' id='line_1_45' title="bbox 188 3821 1283 3890; baseline 0.001 -18"><span class='ocrx_word' id='word_1_432' title='bbox 188 3825 298 3876; x_wconf 84' lang='lat' dir='ltr'><strong>dirersis</strong></span> <span class='ocrx_word' id='word_1_433' title='bbox 322 3826 416 3874; x_wconf 88' lang='lat' dir='ltr'><strong>docum</strong></span> <span class='ocrx_word' id='word_1_434' title='bbox 443 3827 578 3874; x_wconf 87' lang='lat' dir='ltr'><strong>sententiis</strong></span> <span class='ocrx_word' id='word_1_435' title='bbox 602 3825 716 3890; x_wconf 66' lang='lat' dir='ltr'><strong>agebat!</strong></span> <span class='ocrx_word' id='word_1_436' title='bbox 783 3824 843 3872; x_wconf 81' lang='lat' dir='ltr'><strong>Suis</strong></span> <span class='ocrx_word' id='word_1_437' title='bbox 854 3823 1107 3886; x_wconf 81' lang='lat' dir='ltr'><strong>voluptutedeliaetsr]</strong></span> <span class='ocrx_word' id='word_1_438' title='bbox 1116 3824 1228 3872; x_wconf 88' lang='lat' dir='ltr'><strong>Salvian.</strong></span> <span class='ocrx_word' id='word_1_439' title='bbox 1238 3821 1283 3872; x_wconf 90' lang='lat' dir='ltr'><strong>lib.</strong></span> 
     </span>
     <span class='ocr_line' id='line_1_46' title="bbox 187 3897 1284 3960; baseline -0.005 -9"><span class='ocrx_word' id='word_1_440' title='bbox 187 3900 274 3952; x_wconf 69' lang='lat' dir='ltr'><strong>ditans.</strong></span> <span class='ocrx_word' id='word_1_441' title='bbox 343 3947 356 3957; x_wconf 74' lang='grc'><strong><em>,</em></strong></span> <span class='ocrx_word' id='word_1_442' title='bbox 558 3915 561 3920; x_wconf 76' lang='grc'><em>’</em></span> <span class='ocrx_word' id='word_1_443' title='bbox 753 3915 791 3949; x_wconf 81' lang='grc' dir='ltr'><strong>ιν.</strong></span> <span class='ocrx_word' id='word_1_444' title='bbox 813 3899 845 3948; x_wconf 93' lang='lat' dir='ltr'><strong>de</strong></span> <span class='ocrx_word' id='word_1_445' title='bbox 865 3897 1172 3960; x_wconf 88' lang='lat' dir='ltr'><strong>Gub.Dei:‘Nnnqnid</strong></span> <span class='ocrx_word' id='word_1_446' title='bbox 1191 3899 1284 3946; x_wconf 89' lang='lat' dir='ltr'><strong>multa·</strong></span> 
     </span>
     <span class='ocr_line' id='line_1_47' title="bbox 219 3966 1282 4040; baseline -0.006 -15"><span class='ocrx_word' id='word_1_447' title='bbox 219 3977 340 4040; x_wconf 75' lang='lat' dir='ltr'><strong>Linguam</strong></span> <span class='ocrx_word' id='word_1_448' title='bbox 364 3976 455 4038; x_wconf 79' lang='lat' dir='ltr'><strong>litigiis</strong></span> <span class='ocrx_word' id='word_1_449' title='bbox 472 3975 577 4037; x_wconf 73' lang='lat' dir='ltr'><strong>extruet]</strong></span> <span class='ocrx_word' id='word_1_450' title='bbox 604 3977 717 4025; x_wconf 85' lang='lat' dir='ltr'><strong>Rabnlas</strong></span> <span class='ocrx_word' id='word_1_451' title='bbox 753 3989 809 4022; x_wconf 89' lang='lat' dir='ltr'><strong>rum</strong></span> <span class='ocrx_word' id='word_1_452' title='bbox 829 3988 937 4022; x_wconf 88' lang='lat' dir='ltr'><strong>uxorum</strong></span> <span class='ocrx_word' id='word_1_453' title='bbox 956 3973 1015 4022; x_wconf 83' lang='lat' dir='ltr'><strong>labe</strong></span> <span class='ocrx_word' id='word_1_454' title='bbox 1035 3966 1175 4035; x_wconf 86' lang='lat' dir='ltr'><strong>polluitur:</strong></span> <span class='ocrx_word' id='word_1_455' title='bbox 1195 3977 1224 4020; x_wconf 90' lang='lat' dir='ltr'><strong>ut</strong></span> <span class='ocrx_word' id='word_1_456' title='bbox 1240 3986 1282 4020; x_wconf 89' lang='lat' dir='ltr'><strong>ca-</strong></span> 
     </span>
     <span class='ocr_line' id='line_1_48' title="bbox 185 4050 1283 4117; baseline -0.007 -15"><span class='ocrx_word' id='word_1_457' title='bbox 185 4053 313 4117; x_wconf 74' lang='lat' dir='ltr'><strong>litigiosos</strong></span> <span class='ocrx_word' id='word_1_458' title='bbox 332 4053 450 4113; x_wconf 90' lang='lat' dir='ltr'><strong>denotat,</strong></span> <span class='ocrx_word' id='word_1_459' title='bbox 471 4051 515 4109; x_wconf 82' lang='lat' dir='ltr'><strong>uni</strong></span> <span class='ocrx_word' id='word_1_460' title='bbox 536 4051 643 4099; x_wconf 86' lang='lat' dir='ltr'><strong>miserus</strong></span> <span class='ocrx_word' id='word_1_461' title='bbox 659 4065 718 4100; x_wconf 83' lang='lat' dir='ltr'><strong>reos</strong></span> <span class='ocrx_word' id='word_1_462' title='bbox 754 4063 814 4097; x_wconf 90' lang='lat' dir='ltr'><strong>uum</strong></span> <span class='ocrx_word' id='word_1_463' title='bbox 827 4050 866 4098; x_wconf 84' lang='lat' dir='ltr'><strong>vel</strong></span> <span class='ocrx_word' id='word_1_464' title='bbox 876 4063 949 4096; x_wconf 92' lang='lat' dir='ltr'><strong>snum</strong></span> <span class='ocrx_word' id='word_1_465' title='bbox 961 4063 1030 4096; x_wconf 88' lang='lat' dir='ltr'><strong>more</strong></span> <span class='ocrx_word' id='word_1_466' title='bbox 1043 4055 1130 4094; x_wconf 84' lang='lat' dir='ltr'><strong>tantas</strong></span> <span class='ocrx_word' id='word_1_467' title='bbox 1140 4053 1283 4109; x_wconf 88' lang='lat' dir='ltr'><strong>putetcon-</strong></span> 
     </span>
     <span class='ocr_line' id='line_1_49' title="bbox 187 4123 1282 4190; baseline -0.005 -14"><span class='ocrx_word' id='word_1_468' title='bbox 187 4134 277 4190; x_wconf 87' lang='lat' dir='ltr'><strong>empta</strong></span> <span class='ocrx_word' id='word_1_469' title='bbox 301 4127 460 4177; x_wconf 87' lang='lat' dir='ltr'><strong>accusabant</strong></span> <span class='ocrx_word' id='word_1_470' title='bbox 479 4126 522 4175; x_wconf 86' lang='lat' dir='ltr'><strong>vel</strong></span> <span class='ocrx_word' id='word_1_471' title='bbox 543 4125 719 4174; x_wconf 81' lang='lat' dir='ltr'><strong>defendebant</strong></span> <span class='ocrx_word' id='word_1_472' title='bbox 748 4125 826 4188; x_wconf 87' lang='lat' dir='ltr'><strong>juges</strong></span> <span class='ocrx_word' id='word_1_473' title='bbox 839 4137 976 4183; x_wconf 74' lang='lat' dir='ltr'><strong>alsasense,</strong></span> <span class='ocrx_word' id='word_1_474' title='bbox 992 4130 1102 4186; x_wconf 86' lang='lat' dir='ltr'><strong>quantas</strong></span> <span class='ocrx_word' id='word_1_475' title='bbox 1121 4123 1237 4185; x_wconf 84' lang='lat' dir='ltr'><strong>potnerit</strong></span> <span class='ocrx_word' id='word_1_476' title='bbox 1252 4124 1282 4170; x_wconf 90' lang='lat' dir='ltr'><strong>li·</strong></span> 
     </span>
     <span class='ocr_line' id='line_1_50' title="bbox 186 4198 1283 4266; baseline 0 -17"><span class='ocrx_word' id='word_1_477' title='bbox 186 4200 719 4266; x_wconf 75' lang='lat' dir='ltr'><strong>lingns,deqnibnspostAnrmian.Mar·</strong></span> <span class='ocrx_word' id='word_1_478' title='bbox 756 4199 844 4248; x_wconf 88' lang='lat' dir='ltr'><strong>bidlne</strong></span> <span class='ocrx_word' id='word_1_479' title='bbox 869 4198 1038 4262; x_wconf 82' lang='lat' dir='ltr'><strong>subjugarel&#39;</strong></span> <span class='ocrx_word' id='word_1_480' title='bbox 1061 4199 1105 4248; x_wconf 90' lang='lat' dir='ltr'><strong>ubi</strong></span> <span class='ocrx_word' id='word_1_481' title='bbox 1128 4199 1229 4248; x_wconf 84' lang='lat' dir='ltr'><strong>fortean</strong></span> <span class='ocrx_word' id='word_1_482' title='bbox 1246 4201 1283 4250; x_wconf 91' lang='lat' dir='ltr'><strong>le·</strong></span> 
     </span>
     <span class='ocr_line' id='line_1_51' title="bbox 188 4271 1076 4339; baseline -0.006 -12"><span class='ocrx_word' id='word_1_483' title='bbox 188 4276 248 4327; x_wconf 85' lang='lat' dir='ltr'><strong>cell.</strong></span> <span class='ocrx_word' id='word_1_484' title='bbox 259 4276 276 4324; x_wconf 93' lang='lat' dir='ltr'><strong>l.</strong></span> <span class='ocrx_word' id='word_1_485' title='bbox 288 4276 390 4326; x_wconf 60' lang='lat' dir='ltr'><strong>md.</strong></span> <span class='ocrx_word' id='word_1_486' title='bbox 399 4277 519 4339; x_wconf 83' lang='lat' dir='ltr'><strong>anacins</strong></span> <span class='ocrx_word' id='word_1_487' title='bbox 527 4289 566 4327; x_wconf 83' lang='grc' dir='ltr'><strong>ιι.</strong></span> <span class='ocrx_word' id='word_1_488' title='bbox 577 4275 718 4326; x_wconf 80' lang='lat' dir='ltr'><strong>observat.</strong></span> <span class='ocrx_word' id='word_1_489' title='bbox 755 4273 831 4335; x_wconf 80' lang='lat' dir='ltr'><strong>gend.</strong></span> <span class='ocrx_word' id='word_1_490' title='bbox 841 4273 980 4335; x_wconf 78' lang='lat' dir='ltr'><strong>subigitare.</strong></span> <span class='ocrx_word' id='word_1_491' title='bbox 993 4271 1076 4323; x_wconf 83' lang='lat' dir='ltr'><strong>Idem.</strong></span> 
     </span>
    </p>
   </div>
   <div class='ocr_carea' id='block_1_5' title="bbox 251 4354 1218 4420">
    <p class='ocr_par' dir='ltr' id='par_1_8' title="bbox 251 4354 1218 4420">
     <span class='ocr_line' id='line_1_52' title="bbox 251 4354 1218 4420; baseline -0.004 -14"><span class='ocrx_word' id='word_1_492' title='bbox 251 4355 519 4420; x_wconf 58' lang='lat' dir='ltr'><strong>usulensem.</strong></span> <span class='ocrx_word' id='word_1_493' title='bbox 689 4355 778 4405; x_wconf 77' lang='lat' dir='ltr'><strong>auru.</strong></span> <span class='ocrx_word' id='word_1_494' title='bbox 1164 4354 1218 4403; x_wconf 82' lang='lat' dir='ltr'><strong>an</strong></span> 
     </span>
    </p>
   </div>
   <div class='ocr_carea' id='block_1_6' title="bbox 0 0 1596 4959">
    <p class='ocr_par' dir='ltr' id='par_1_9' title="bbox 0 0 1596 4959">
     <span class='ocr_line' id='line_1_53' title="bbox 0 0 1596 4959; baseline 0 2"><span class='ocrx_word' id='word_1_495' title='bbox 0 0 1596 4959; x_wconf 95' lang='lat' dir='ltr'><strong> </strong></span> 
     </span>
    </p>
   </div>
  </div>
 </body>
</html>
