3184 4959
277 391 342 458 476
627 405 736 453 uorn
763 403 961 452 vaciouou
986 405 1025 454 ru

277 553 333 606 ert3
350 544 476 596 occidisse
485 545 569 596 minas
579 543 639 594 fuit.
659 545 751 595 Vallia.
846 544 895 595 dit.
910 543 1023 605 Tacitus,
1031 541 1177 603 Suetonius,
1188 542 1264 592 Dion.
1284 543 1372 594 Vallia.

314 624 404 684 Gorpas
425 626 450 670 ct
471 621 523 670 virs
547 621 652 682 gelidam
676 620 810 684 pereiram]
879 621 1007 670 Puosat.
1040 618 1171 668 Materiam
1183 621 1373 680 germdisredcs

278 698 417 746 Suetonius
428 696 474 746 lib.
483 710 521 745 vi.
531 695 683 744 ‘Adduntur
692 696 731 744 his
742 702 810 746 atro·
845 694 987 758 optavimus]
1010 695 1088 744 Secus
1108 692 1173 744 t'ecit
1191 693 1276 756 Plato,
1286 696 1329 758 quii
1341 696 1374 744 sd

278 775 359 836 cioca,
377 789 426 824 nec
437 773 544 822 Incertis
556 770 712 834 auctoribus,
728 771 761 820 ad
773 771 811 820 vi·
846 769 973 832 Rempub.
985 769 1110 819 accedere
1123 770 1213 832 noluit,
1223 770 1285 818 licet
1294 772 1376 820 maxi·

280 847 813 911 senduminterfectascadaveraccurrisse,
847 860 888 894 me
903 845 986 894 civilis
1003 850 1081 894 esset.
1114 845 1182 893 Vide
1194 845 1274 908 Diog.
1287 845 1375 895 Ladrt.

278 933 458 974 contrectasse
468 924 593 985 membra,
607 923 658 973 alia
668 924 812 987 vituperas·
847 919 892 972 lib.
903 933 946 970 111.
979 921 1015 970 Et
1031 918 1178 969 Arcesilaus
1189 935 1263 969 omne
1275 927 1376 984 tempus

281 1012 321 1060 se,
331 998 382 1047 alia
400 999 528 1058 laudasse,
544 997 637 1062 sitique
654 998 758 1047 interim
769 997 814 1048 ob·
848 997 914 1046 vixit
929 997 955 1045 in
970 995 1121 1056 Academia,
1140 995 1252 1059 Reipub.
1270 995 1378 1059 negotia

279 1080 342 1124 orta
353 1074 468 1124 bibisse!
484 1073 571 1123 Silam.
848 1072 957 1136 fugiens.
982 1070 1043 1120 vid.
1055 1071 1131 1119 eund.
1142 1070 1235 1120 iib.1v.
1252 1071 1328 1122 Idem.

315 1150 422 1199 &desse
433 1151 522 1198 Censor
536 1149 638 1198 adacti
655 1148 731 1210 potnit
747 1149 813 1198 deco·
882 1148 942 1204 Qec
952 1163 1020 1210 pacm
1031 1147 1063 1195 sit
1074 1145 1157 1208 exilis]
1181 1147 1222 1194 De
1238 1146 1377 1195 resecando

279 1225 328 1288 ris]
344 1226 450 1275 'tacitus
468 1225 561 1276 Annei.
580 1239 640 1276 xiv.
658 1222 814 1288 ‘Adspexo
849 1237 936 1285 amore
946 1223 1027 1271 laudis
1038 1221 1155 1269 hirmanae
1168 1219 1226 1268 vide
1239 1221 1379 1282 Augustiu.

282 1303 352 1351 ritne
363 1307 472 1350 matrem
483 1301 626 1350 exanimem
634 1301 717 1360 Nero,
725 1306 754 1349 et
762 1298 813 1346 for·
849 1296 895 1346 lib.
908 1310 934 1346 v.
946 1296 979 1344 de
991 1295 1069 1344 civit.
1079 1294 1138 1355 Dei,
1154 1308 1212 1356 cap.
1226 1297 1265 1341 13.
1283 1301 1311 1343 et
1322 1297 1381 1358 plu·

281 1392 349 1427 mam
368 1376 485 1440 corporis
502 1376 560 1438 ejus
578 1373 732 1434 laudaverit,
754 1378 814 1422 suut
850 1371 921 1420 rimis
942 1370 1006 1420 locis
1028 1370 1320 1419 Humiliarnmxsuarum
1342 1372 1380 1421 D.

282 1453 327 1517 qni
346 1452 520 1513 tradiderunt,
539 1455 600 1499 sunt
618 1447 663 1512 qni
680 1445 814 1496 abnuunt?
850 1447 927 1498 Joan.
938 1446 1136 1509 Chryaostomns
1153 1443 1281 1506 κενοδοξίαν
1296 1446 1381 1496 insec-

283 1530 405 1578 Beruort.
852 1520 929 1572 tatur.
946 1522 1022 1571 Idem.

316 1599 571 1663 Ectiacli...decoris]
588 1596 815 1662 ‘Integerdecor‚’
886 1597 985 1646 Omnem
994 1600 1064 1645 terre
1071 1595 1194 1660 ambitum]
1208 1597 1327 1646 Macrob.
1335 1597 1381 1646 liba

283 1678 352 1741 apud
362 1679 498 1741 Vegetium
509 1677 555 1726 lib.
564 1690 602 1725 ιν.
615 1679 709 1738 capsi).
732 1675 776 1723 De
788 1686 817 1721 re
853 1685 886 1721 ti.
904 1673 931 1720 in
948 1673 1034 1722 somn.
1045 1673 1113 1734 Scip.
1124 1686 1182 1734 cap.
1194 1677 1219 1722 9.
1237 1672 1318 1722 ‘Ideo
1328 1680 1381 1722 ter·

284 1753 408 1804 militari:
429 1753 599 1802 ‘Maiuerunt
618 1750 687 1798 enim
705 1747 818 1812 pudicis·
855 1763 890 1796 rae
902 1747 1016 1797 brevitas
1028 1755 1079 1796 tam
1090 1747 1229 1810 diligenter
1248 1750 1382 1812 asseritur,

285 1829 357 1879 sima
376 1828 479 1878 t'eminre
498 1826 644 1876 deformato
664 1823 697 1873 ad
714 1832 818 1885 ternpus
856 1831 885 1873 nt
903 1824 976 1886 parvi
995 1822 1160 1886 pendendum
1175 1822 1297 1872 ambitum
1308 1823 1382 1874 famas

285 1903 375 1966 capite
400 1903 482 1950 libere
509 1902 596 1950 vivere
623 1915 681 1949 cum
709 1898 819 1960 maritis,
856 1898 1126 1962 virsortisintelligat,
1143 1915 1201 1964 qnae
1217 1900 1244 1948 in
1260 1907 1313 1956 tam
1324 1915 1381 1964 par-

285 1990 362 2040 quam
383 1976 501 2025 hostibus
522 1975 625 2036 integro
648 1972 743 2022 decore
765 1987 819 2025 ser·
855 1990 888 2025 vo
900 1990 1060 2038 maguaesss
1076 1990 1127 2025 non
1147 1977 1255 2039 poterit,
1275 1984 1305 2026 nt
1323 1991 1383 2026 cou-

287 2049 360 2100 vire'
376 2050 477 2101 sitm·
856 2057 944 2100 tentus
972 2051 1058 2114 potius
1084 2051 1251 2100 conscientiae
1277 2051 1384 2115 praemio

321 2123 575 2184 Qsoacidetcoudeas]
591 2122 683 2186 virgil.
693 2122 819 2185 uGeorg.
857 2124 964 2188 gloriam
976 2139 1026 2172 non
1037 2125 1170 2189 requirat!
1187 2128 1262 2176 Idem,

286 2200 350 2249 ‘Sol
368 2213 470 2264 quoque
490 2205 519 2248 et
535 2198 662 2260 exoriens,
677 2203 706 2246 et
721 2206 780 2247 com¹
791 2211 820 2247 se
889 2199 991 2263 Pnacti]
1009 2200 1067 2250 Hoc
1077 2208 1136 2249 ante
1146 2203 1285 2265 scripserat
1293 2202 1385 2252 Cicero

288 2275 385 2325 condet
395 2276 421 2324 in
434 2275 515 2324 undas
525 2274 606 2338 Signa
616 2273 706 2323 debit?
728 2273 821 2322 nense.
857 2277 959 2326 Tusoui.
979 2277 1080 2327 Quaest.
1101 2276 1146 2326 lib.
1165 2290 1184 2326 1.
1205 2277 1386 2327 ‘Persuadent

289 2352 317 2401 in
339 2350 436 2401 Troad.
460 2366 496 2400 vs.
517 2353 575 2399 est.
602 2349 753 2414 ‘Quicquid
777 2349 822 2398 Sol
859 2352 927 2401 euim
943 2351 1115 2400 mathematici
1133 2359 1239 2414 terram,
1256 2353 1283 2401 iu
1301 2351 1386 2401 medio

290 2427 384 2490 oriens,
400 2425 526 2490 quicquid
544 2432 573 2474 et
590 2425 712 2474 occidens
724 2425 821 2474 Novit:
859 2427 947 2476 mnndi
958 2427 1041 2488 silam,
1056 2426 1089 2476 ad
1107 2428 1220 2476 universi
1239 2429 1299 2477 coeli
1318 2442 1386 2478 com·

293 2503 410 2552 ceruleis
421 2502 544 2552 Oceanus
552 2499 629 2548 fretis
640 2499 770 2563 Quicquid
781 2498 823 2548 vel
860 2493 965 2565 plexum
977 2503 1050 2565 quasi
1066 2505 1155 2565 puncti
1167 2504 1249 2553 instar
1259 2503 1387 2564 obtinere,

290 2579 408 2639 veniens,
420 2577 461 2626 vel
471 2574 575 2638 fugiens
585 2576 666 2635 lavat,
684 2575 755 2622 AEtas
771 2574 823 2622 Pe·
860 2577 929 2640 quod
948 2575 1042 2640 κέντρον
1060 2578 1097 2626 illi
1110 2578 1222 2628 vocant?
1255 2579 1337 2631 Quem
1349 2577 1386 2626 lo·

292 2667 370 2716 gaseo
379 2651 505 2712 corripiet
512 2647 611 2711 gradu!
628 2649 661 2696 In
669 2649 823 2698 Herc.Fur.
861 2665 919 2700 cum
940 2652 1053 2701 inritatus
1070 2658 1111 2699 est
1122 2650 1208 2700 Amm.
1219 2653 1388 2702 Marcellinus

278 2743 330 2777 vr.
341 2732 398 2776 sat.
415 2726 492 2775 ‘'l'ibi
509 2727 605 2775 crescit
621 2739 696 2773 omne
707 2726 743 2773 Et
754 2724 824 2787 qnod
861 2727 906 2776 lib.
918 2741 965 2777 xv·
986 2735 1013 2777 et
1029 2728 1129 2776 Plinius
1146 2728 1214 2777 libro
1226 2743 1259 2778 11.
1276 2743 1334 2791 cap.
1345 2732 1388 2777 68.

293 2815 402 2852 cccmus
414 2800 488 2862 vidit,
505 2807 534 2849 et
543 2799 611 2864 quod
623 2799 710 2848 ortus.’
733 2800 808 2848 Idem.
862 2801 938 2853 Quod
950 2801 1111 2850 demonstrat
1122 2801 1278 2873 Ptolemaeus
1289 2816 1390 2864 magnae

327 2878 510 2938 anspremsrtt
517 2875 679 2938 κρίνοιμι]
696 2877 787 2925 Senec.
799 2877 826 2924 iu
863 2879 991 2940 συντάξεως
1000 2878 1046 2928 lib.
1060 2891 1079 2927 1.
1092 2892 1149 2942 cap.
1161 2883 1185 2927 6.
1199 2885 1227 2928 et
1238 2879 1269 2928 ad
1282 2894 1341 2928 cunr
1352 2880 1390 2928 lo·

295 2953 379 3003 Herc.
402 2954 464 3004 For.
481 2968 521 3004 vs.
539 2958 596 3005 lun.
617 2954 742 3016 ‘Signum
763 2953 826 3004 celsi
865 2968 923 3003 cum
933 2955 1030 3005 Thoon.
1055 2955 1123 3016 lmo,
1135 2955 1241 3004 ‘Omnia
1254 2955 1392 3018 terra,'in·

296 3029 407 3093 glaciale
418 3029 482 3094 poli,
496 3029 602 3093 Septem
614 3031 697 3079 stellis
711 3028 827 3080 Arcades
865 3031 920 3094 quit
928 3029 1077 3079 Macrobius
1087 3045 1145 3093 cap.
1153 3035 1178 3079 9.
1190 3031 1236 3080 iila.
1246 3045 1278 3082 11.
1287 3031 1312 3079 iu
1322 3031 1394 3080 Som-

297 3120 364 3155 urste
385 3107 483 3155 Lucem
501 3120 574 3155 verso
594 3112 698 3155 temone
716 3103 828 3155 vocant?
866 3107 936 3156 nium
952 3105 1092 3168 Scipionis,
1108 3105 1158 3155 ‘ad
1176 3107 1291 3168 quemvis
1302 3107 1392 3154 coeles·

298 3181 375 3231 Idem.
866 3189 918 3230 tem
930 3181 1065 3242 circulum,
1076 3180 1150 3243 quasi
1167 3189 1286 3243 centron,
1305 3180 1394 3243 puncti

330 3255 535 3318 Septentriones]
547 3254 622 3308 Quod
633 3253 721 3316 ἅμαξαν
728 3254 828 3321 Graeci,
866 3255 967 3304 obtinet
977 3254 1079 3312 locum.’
1099 3254 1185 3303 Vallia.

298 3329 531 3393 ‘Septentriones’
549 3330 634 3379 sanni
647 3336 750 3380 vocant.
776 3327 829 3378 Adi
900 3329 1396 3393 PamticonuacoltinererattoaemJAm·

300 3403 386 3467 Agell.
396 3404 442 3454 iilv.
454 3417 487 3454 11.
498 3418 556 3466 cap.
567 3408 608 3452 21.
624 3405 701 3454 Μννι.
868 3405 945 3458 mian.
963 3403 1110 3454 Marcellin.
1130 3404 1175 3454 lib.
1192 3417 1238 3455 xv.
1257 3406 1395 3456 ‘Ambitus

334 3480 390 3527 Heu
397 3494 497 3539 gruona
506 3481 603 3544 sortem]
619 3478 698 3530 Ovid.
708 3479 752 3528 De
760 3479 830 3528 Pon·
870 3487 948 3532 terrae
966 3480 1045 3530 totius
1062 3495 1118 3544 quae
1137 3481 1211 3530 nobis
1230 3481 1332 3532 videtur
1349 3483 1396 3532 im·-

301 3560 338 3614 to,
348 3555 421 3614 Eleg.
431 3558 456 3602 9.
471 3555 599 3620 ‘Querur,
610 3572 626 3606 o
628 3556 745 3619 jucunde
756 3557 831 3606 soda-
870 3573 968 3618 mense,
986 3556 1018 3606 ad
1029 3555 1234 3619 magnitudinem
1244 3557 1397 3608 universita-

300 3629 343 3688 lis,
351 3629 591 3682 Acceduutnostris
601 3648 671 3684 saeva
679 3635 748 3698 qood
761 3646 832 3683 arma
872 3634 904 3680 tis
913 3633 994 3680 instar
1004 3632 1088 3680 brevis
1097 3632 1199 3682 obtinet
1210 3633 1316 3696 puncti’
1327 3635 1397 3683 Mar·

301 3703 393 3753 malis!
410 3704 484 3754 ldssu.
870 3707 927 3756 aial.
938 3706 1053 3768 capella,
1067 3706 1112 3756 lib.
1123 3720 1161 3757 vr.
1184 3709 1228 3758 De
1241 3710 1324 3772 Nupt.
1334 3707 1399 3758 Plri-

336 3780 437 3830 Glcdias
458 3780 555 3844 sermo]
581 3783 646 3830 Cum
670 3783 738 3832 enirn
759 3785 832 3833 Nero
871 3782 949 3844 lolog.
966 3781 1077 3845 ‘Tellus,
1095 3798 1151 3846 qnae
1171 3783 1287 3847 rapidum
1300 3781 1398 3831 consis-

302 3864 345 3908 ter
355 3864 463 3908 matrem
473 3871 573 3907 veneno
588 3859 680 3908 tollere
698 3865 834 3922 tentasset,
872 3861 931 3906 tens
952 3857 1060 3921 suscipit
1081 3859 1178 3921 orbem,
1200 3857 1297 3906 Puncti
1316 3856 1400 3908 instar

304 3935 474 3999 sensissetque
497 3933 620 3983 antidotis
639 3934 834 3997 premunitum}
872 3933 958 3986 medlo
968 3934 1078 3984 haeserat
1089 3949 1138 3984 uua
1149 3933 1223 3983 loco!
1238 3932 1323 3982 Sitsm.

305 4010 418 4061 abicam
428 4024 513 4074 neque
524 4008 660 4074 naufragio
668 4024 835 4075 quoqne,ne·
906 4009 1000 4064 Quarto
1011 4008 1066 4068 sere
1080 4008 1171 4071 portio]
1192 4008 1260 4056 Vide
1280 4007 1400 4066 Macroh.

305 4094 355 4148 que
375 4085 446 4135 navis
466 4087 576 4136 solutilis
596 4087 670 4137 ruina
688 4087 836 4150 opprimere
874 4087 919 4138 lib.
931 4102 964 4137 11.
977 4087 1003 4137 in
1015 4088 1103 4137 Somn.
1129 4085 1201 4148 Scip.
1214 4099 1273 4149 cap.
1288 4091 1313 4135 5.
1332 4084 1397 4136 Lnd.

307 4160 402 4219 potuit.
419 4161 510 4217 minus
521 4161 658 4226 Anicetus,
668 4163 755 4227 gladio
770 4163 838 4216 occi·
874 4163 977 4228 Vivent,
997 4163 1024 4212 in
1045 4162 1187 4213 Commeat.
1206 4160 1239 4211 ad
1259 4160 1398 4226 Augustis.
