3184 4959
493 818 664 897 ANICII
705 817 902 895 MANLH
943 812 1222 905 TORQUATI

312 1068 852 1187 SEVERINI
897 1062 1452 1182 BOETHIi

630 1355 695 1420 DE
717 1352 1090 1420 CONSOLATIONE

444 1498 1219 1664 'PHILOSOPHIAE

727 1850 895 1926 LIBER
934 1851 985 1923 V.

746 2362 906 2428 PROSA
928 2363 959 2427 1.

307 2494 534 2593 Drxnnsr:
556 2514 788 2595 orationisque
816 2533 947 2577 cursum
971 2513 1014 2577 ad
1041 2514 1111 2578 alia
1134 2511 1290 2597 quaedam
1314 2520 1400 2577 trao-

304 2616 421 2681 tandm
442 2621 477 2678 et
492 2614 705 2698 expedienda
718 2614 881 2677 vertebat.
937 2614 1025 2677 Tum
1041 2634 1116 2697 ego,
1131 2613 1240 2678 Recta
1254 2614 1400 2697 quidem,

304 2718 455 2797 inquam,
468 2715 667 2791 exhortatio,
682 2721 806 2797 tuaque
820 2733 957 2797 prorsus
976 2717 1171 2780 auctoritato
1194 2715 1399 2803 dignissima.

306 2816 374 2880 Sed
388 2817 479 2898 quod
494 2823 532 2879 tu
559 2816 683 2879 dudum
709 2815 751 2879 de
775 2814 991 2879 Providentia
1010 2817 1227 2898 quaestionem
1249 2817 1400 2899 pluribus

305 2916 384 2981 aliis
399 2916 619 2999 implicitam¹
641 2934 716 2979 esse
736 2916 866 2994 dixisti,
879 2918 934 2980 ret
957 2919 1122 3000 experior.
1168 2917 1293 2996 Qnaero
1314 2919 1400 2981 enim

305 3035 349 3080 an
364 3037 439 3081 esse
451 3018 579 3100 aliquid
592 3017 740 3095 omnino,
764 3023 797 3081 et
810 3018 972 3100 quidnam
996 3037 1072 3081 esse
1098 3038 1214 3083 casum
1230 3019 1398 3091 arbitrere.
1453 3058 1461 3073 ·

304 3117 392 3181 Tum
407 3119 479 3195 illa,
495 3119 647 3194 Festino,
661 3117 785 3200 inquit,
802 3117 951 3181 debitum
964 3119 1197 3200 promissionis
1214 3119 1399 3196 absolvere,

305 3217 459 3299 viamque
474 3217 617 3299 tibique
638 3217 783 3298 patriam
807 3215 1023 3293 reveharis‚⁰¹’
1055 3217 1195 3301 aperire.
1238 3218 1326 3282 Haeo
1341 3238 1399 3282 au-

304 3318 449 3380 temetsi
464 3317 622 3399 perutilia
637 3317 785 3397 cognitu,
801 3321 909 3379 tamen
923 3336 945 3380 a
958 3320 1125 3400 propositi
1149 3320 1255 3383 nostri
1270 3320 1399 3384 tramite

336 3480 349 3503 ¹
365 3472 525 3534 Philosophia.
591 3472 602 3504 ⁶
620 3472 717 3536 Reipon
793 3471 960 3534 ‘Iupntriom
971 3474 1098 3523 reducaris.

337 3649 351 3692 l
368 3645 482 3694 Pluribus
491 3645 633 3708 implicitam
641 3647 740 3711 Delph.
751 3647 886 3697 flach-2
903 3647 944 3697 Sic
954 3662 1007 3697 orso
1020 3648 1141 3711 estVntg.
1159 3650 1212 3701 Ms.
1230 3648 1354 3700 Rittersh·
1371 3657 1399 3700 et

796 3760 906 3811 NOTAE

335 3856 349 3883 ⁸
363 3851 405 3900 Ao
421 3852 469 3900 otio
487 3854 592 3914 quedam
613 3854 748 3917 tractando]
765 3856 831 3906 Quae
872 3854 1051 3919 Philosophia,
1076 3856 1171 3919 ‘haeo,
1198 3858 1249 3907 etsi
1276 3858 1399 3920 perutilia

304 3929 373 3976 enim
388 3928 442 3990 jam
455 3928 567 3976 dicenda
578 3936 638 3976 sunt
649 3929 683 3978 de
695 3945 765 3992 caso,
774 3932 830 3979 haec
872 3932 986 3995 cognitu,
995 3934 1237 3998 tamenapropositi
1245 3935 1284 3983 sui
1294 3937 1398 3986 tramite

303 4015 355 4049 non
367 4003 497 4064 pertinent
506 4002 539 4051 ed
551 4018 665 4067 proesens
673 4005 830 4069 institutum,
871 4006 1004 4070 paulisper
1017 4022 1109 4057 aversa
1120 4007 1195 4059 esse!

303 4076 352 4123 nisi
368 4077 450 4125 instar
467 4078 600 4141 eujusdam
620 4079 771 4142 appendicis
788 4094 829 4129 nc·
894 4080 1025 4131 ”Patriam
1033 4082 1165 4145 reveharis]
1176 4086 1353 4148 ‘Usurpstum
1364 4086 1397 4135 ab

304 4152 470 4216 cessionisve,
485 4161 522 4215 et,
539 4154 608 4204 siout
617 4156 770 4217 loquuntur,
782 4169 831 4219 per
871 4159 1036 4222 auctoribus,'
1046 4159 1131 4223 inquit
1138 4159 1250 4224 Servius,
1259 4162 1319 4210 utin
1327 4176 1397 4226 quae·

303 4226 434 4277 accidens.
480 4229 613 4281 Quocirca
639 4230 728 4295 statim
759 4230 830 4281 diest
871 4232 1033 4301 stione‘quo
1046 4234 1246 4286 ueladduntvel
1259 4237 1396 4287 detrahunt
