3184 4959
462 398 512 446 nn
534 394 721 445 savaarao
746 394 917 441 anurnio.
1175 379 1241 444 563

149 543 236 603 licth.
263 541 485 621 Martisburgica
509 541 661 620 accepisse
684 543 742 602 Ms.
762 541 903 601 Codicem
917 542 1032 602 Boethii
1045 541 1082 601 de
1097 541 1238 603 Consola-

149 640 241 709 tione,
256 640 285 697 in
297 640 382 717 cnjus
396 640 492 699 statim
508 639 603 716 prirno
617 639 743 698 carmine
756 637 817 697 duo
836 638 895 698 sint
906 657 1006 699 versus
1021 657 1038 697 a
1051 641 1165 699 nemine
1179 639 1238 697 ullo

148 736 294 795 hactenus
309 736 373 795 visi.

190 832 297 891 Greca
309 830 424 889 Bnerlm
435 829 573 899 versione,
587 848 675 905 quarn
691 829 838 889 Maximus
849 830 995 890 Planudes
1004 829 1166 900 adornavit,
1178 832 1239 893 Ms.

151 946 188 983 ex
213 924 396 984 Bibliotheca
420 922 507 1001 Regis
531 923 772 984 christianissimi
793 925 925 985 Vallinus
949 944 1067 1004 quoque
1093 944 1161 984 usus
1183 936 1240 985 est.

151 1022 253 1080 Codex
266 1019 478 1098 pulcherrimus
491 1019 614 1089 Patavii,
629 1019 756 1079 donatus
767 1022 946 1082 Monasterio
962 1024 992 1082 S.
1002 1024 1019 1083 J
1023 1022 1135 1089 ustinae,
1146 1021 1201 1081 luit
1211 1024 1240 1082 in

150 1117 228 1192 Bibl.
241 1115 415 1177 cancellarii
429 1115 575 1193 Segvierii.
615 1115 848 1177 Vide'Celeberr.
860 1118 1067 1179 Montlauconi
1082 1118 1242 1178 Bibliothe-

152 1233 218 1277 canr
230 1212 437 1272 Coislinianam
452 1230 519 1291 pag.
538 1218 605 1272 140.

190 1309 237 1367 De
253 1307 397 1377 Hebraico
417 1306 575 1384 interprete
592 1307 651 1363 Ben
661 1304 799 1377 Benasto,
815 1307 932 1365 consule
947 1307 1019 1366 Bev.
1035 1307 1133 1367 Wolfii
1150 1309 1242 1369 nostri

37 1415 38 1454 ἐ
152 1402 365 1463 Bibliothecarn
381 1402 558 1462 Hebraicam
571 1402 659 1461 Tom.
675 1418 699 1461 1.
714 1420 781 1480 pag.
796 1410 865 1473 229.
885 1412 971 1474 1092.
986 1402 1037 1462 sed
1051 1411 1081 1463 et
1091 1423 1157 1483 pag.
1170 1412 1240 1469 243.

152 1506 226 1653 ³⁵3
236 1498 354 1654 hiiiedi
368 1593 455 1672 Regis
469 1592 600 1653 versione
620 1592 967 1675 Anglosoeonicohah'es
981 1552 1108 1655 carmina
1126 1594 1243 1655 reddita

152 1689 276 1769 primum
291 1709 420 1749 sermone
433 1689 576 1768 prosario,
591 1687 696 1747 deinde
709 1690 848 1749 versibus.
870 1691 1033 1768 Utramque
1046 1692 1241 1769 metaphrasin

153 1787 355 1846 Rawlinscnns
364 1786 395 1845 in
409 1805 462 1845 sua
475 1784 604 1844 editione
612 1786 723 1861 [Onon.
738 1785 824 1867 1698.
841 1785 921 1861 svn]
931 1785 1074 1857 exhibuit,
1086 1786 1211 1864 priorem
1223 1804 1240 1843 e

37 1879 38 1916 l
154 1883 327 1953 Bodleiano,
337 1881 459 1939 alteram
472 1900 489 1939 e
503 1880 682 1939 cottoniano
695 1879 808 1940 Codice
822 1882 882 1939 Ms.

194 1980 238 2037 En
251 1977 471 2037 Kielmanniana
483 1977 621 2038 auctione
642 1987 745 2037 nactus
768 1997 830 2036 sum
856 1976 1010 2041 Boethium
1034 1996 1100 2037 curn
1119 1977 1243 2059 Belgica
1343 2001 1345 2007 ’

155 2074 284 2134 versione
297 2072 442 2152 Anonymi
462 2072 622 2132 carminum
643 2073 765 2132 metrica
781 2082 813 2131 et
832 2091 981 2150 prosarum
1001 2074 1138 2150 proseria,
1153 2084 1243 2152 atque

37 2213 38 2262 i
155 2171 254 2247 amplo
274 2167 483 2228 commentario
507 2168 639 2245 Belgico,
658 2186 799 2227 excusum
818 2166 955 2229 Gandavi
977 2168 1056 2243 apud
1083 2169 1192 2227 Arend.
1206 2170 1243 2227 de

37 2281 38 2344 ᾗ
155 2271 267 2345 Keyser
279 2270 317 2326 A.
335 2273 423 2325 1485.
438 2263 491 2323 sol.
506 2262 626 2340 singulis
641 2262 722 2321 libris
736 2264 766 2321 in
777 2282 843 2321 meo
857 2262 991 2337 exemplo
1004 2260 1130 2337 praefixae
1144 2264 1244 2322 icones

37 2393 38 2410 2
155 2366 270 2425 calamo
291 2380 350 2420 uon
373 2360 553 2439 ineleganter
576 2357 740 2417 delineata.
782 2358 825 2416 Ut
838 2356 986 2434 specimen
1000 2356 1244 2433 interpretationis

37 2449 38 2494 1
155 2462 275 2531 habeas,
289 2478 325 2517 en
340 2456 394 2517 tibi
407 2464 530 2514 metrum
548 2462 573 2513 1.
587 2452 654 2512 libri
669 2466 693 2509 1.

275 2585 411 2646 Carmina
422 2582 473 2661 qui
483 2580 631 2660 quondam
646 2578 745 2640 studio
759 2578 881 2637 llorente
895 2578 1004 2657 peregi,

315 2680 433 2741 Flebilis
448 2679 505 2737 hen
519 2686 637 2737 moestos
659 2695 751 2754 cogor
763 2676 835 2734 inire
849 2675 965 2733 modos.

274 2780 353 2837 Ecce
368 2775 440 2835 milri
451 2774 555 2834 lacerae
569 2773 684 2834 dictant
697 2771 852 2831 scribenda
866 2772 1022 2839 Camoenae,

211 2864 214 2868 ⁵
316 2874 355 2931 Bt
368 2872 443 2931 veris
456 2870 539 2949 Blegi
552 2868 670 2928 lletibus
683 2888 734 2929 ora
747 2868 854 2947 rigant.

316 3020 385 3083 tans
398 3020 547 3085 nonnum
560 3017 644 3074 nteit
654 3018 768 3073 aaron
781 3028 823 3073 ees

315 3113 385 3180 ibat
396 3116 420 3171 ts
431 3116 516 3181 nean
528 3117 588 3179 cete
600 3116 658 3170 reve
670 3116 697 3169 sl
710 3124 780 3169 ever.

395 3210 467 3275 dna
480 3222 511 3267 ve
524 3206 640 3269 nobiti
651 3213 697 3265 nst
711 3216 794 3264 enen
807 3206 920 3272 crucan,

394 3304 457 3371 Bet
467 3306 491 3361 tt
503 3312 554 3364 ove
567 3313 637 3362 cnon
646 3317 709 3369 nan
722 3307 806 3370 neren
819 3303 928 3359 asum

195 3414 386 3475 Recentiores
400 3414 546 3473 versiones
560 3411 687 3489 Belgicae
707 3420 773 3470 sunt
796 3430 863 3489 quoe
882 3408 958 3467 vidit
981 3409 1076 3466 lucem
1101 3404 1247 3464 Dordraci

159 3508 244 3571 1654.
262 3521 309 3573 12.
323 3510 532 3570 etnovissirna
546 3509 591 3567 M.
605 3508 865 3585 Gargoniillmst.
891 3512 978 3572 1703.
1002 3510 1030 3562 6.
1051 3499 1090 3559 dc
1104 3505 1164 3577 qua
1178 3500 1247 3560 vide

37 3603 38 3664 l
156 3604 286 3664 Diarinns
301 3604 451 3683 Belgicam
464 3603 542 3663 illius
553 3604 633 3673 anni,
643 3601 789 3661 Boelrsaal
801 3619 856 3659 van
867 3600 983 3676 Europe
991 3595 1079 3655 Tom.
1093 3606 1120 3657 2.
1133 3615 1164 3673 p.
1176 3605 1247 3667 489.

196 3700 364 3779 Hispanico
376 3699 536 3777 Augustini
555 3698 674 3777 Lopesii
693 3715 804 3757 excusa
821 3705 866 3755 est
886 3694 996 3753 Pinciae
1011 3693 1071 3755 sive
1085 3692 1247 3752 Vallisoleti
1343 3748 1346 3755 .

95 3802 101 3812 “
156 3803 248 3865 1598.
259 3794 313 3855 l'ol.
327 3803 359 3855 et
373 3793 462 3855 1604.
477 3794 529 3855 fol.

199 3889 383 3951 Germanice
395 3890 510 3949 Boiithii
531 3889 569 3949 de
587 3888 792 3950 Consolatione
811 3888 908 3966 plnres
922 3892 1032 3956 extant,
1045 3892 1079 3943 ut
1101 3902 1169 3959 quae
1183 3882 1247 3939 No·

158 3988 245 4046 rimh.
260 3985 348 4049 1660.
373 3997 422 4049 12.
449 3986 569 4063 prodiit.
611 3986 670 4045 Sed
696 3984 878 4063 praeferenda
904 3970 1008 4041 ceteris
1030 3977 1172 4055 praeclara
1198 3976 1247 4033 illa

158 4083 266 4143 Christ.
280 4084 399 4142 Knorrii
420 4082 459 4141 de
482 4081 659 4152 Bosenroth,
675 4099 742 4159 quae
762 4076 890 4137 auctoris
904 4074 1021 4132 nomine
1034 4071 1179 4150 praeterito
1193 4072 1246 4129 So-

157 4179 263 4238 11111111
287 4176 435 4249 A.1667.
460 4189 508 4240 rc.
522 4177 633 4256 prodiit
655 4174 686 4235 ei
712 4173 800 4244 1697.
822 4190 927 4231 neusa
949 4167 1126 4245 Luneburgi.
1167 4168 1248 4231 Inter
