3184 4959
319 400 385 467 472
670 408 778 459 uuum
802 408 1001 468 vsarouuu
1024 394 1066 459 ru

320 571 396 623 quam
406 556 482 619 Juvat
491 553 560 604 nuda
571 568 647 604 mauu
659 551 849 617 Csptsssefou·
885 550 983 601 teiiites
1000 550 1095 600 Martis
1125 548 1162 598 ait
1182 560 1248 611 esse,
1269 538 1414 613 Impetum,

319 632 389 683 taur!
406 631 503 681 certior
519 644 620 680 somnus
640 630 735 693 premit
751 630 849 679 Secura
886 624 979 686 Nefas,
995 627 1074 687 Iram,
1091 624 1202 688 Metam,
1221 624 1344 686 Insidias,
1352 626 1416 675 Dis·

321 705 751 759 duromembrsrersautamtoro.’
771 707 847 755 Idem.
886 700 1009 762 cordiam,
1043 701 1177 762 Fetorem,
1215 698 1416 764 Crudelitatem,

355 786 468 835 Nondum
485 783 558 832 muris
574 782 743 845 adamabat]
758 782 849 831 Seuec.
886 774 1010 825 Mortem.
1026 775 1102 825 Idem·

321 861 349 911 irr
360 860 443 924 Hipp.
454 874 491 911 vs.
502 863 560 910 155.
574 859 714 909 ‘Nondum
726 858 850 909 secabant
921 851 1020 900 ΠΜ
1029 851 1096 899 modo
1113 856 1194 899 sesua
1205 847 1323 910 reditui]
1346 849 1414 898 Pru·

323 936 434 988 credula
454 942 562 999 pontum
579 941 658 999 rates,
672 936 725 984 Sua
740 934 850 999 quisque
886 926 990 975 dentiae
1001 930 1132 975 recontra
1150 924 1330 987 Symmachum
1348 923 1374 971 iu
1385 938 1416 973 re

323 1019 400 1063 uorat
411 1009 508 1061 maria!
524 1011 599 1060 Idem.
887 1001 989 1067 quidem
999 1001 1110 1062 diversa,
1117 999 1211 1049 iisdem
1219 1006 1305 1049 tamen
1313 998 1417 1048 rerbisz

359 1088 409 1137 Nec
419 1086 533 1136 meiius
542 1085 733 1149 undiqueieetis]
759 1084 852 1135 Martii.
887 1077 1020 1126 ‘Edomiti
1027 1077 1081 1139 jam
1090 1076 1165 1125 triste
1176 1074 1299 1137 fremant,
1310 1075 1417 1123 iterum·

323 1160 370 1215 ub.
390 1174 411 1212 ι.
434 1161 488 1210 ‘Et
502 1175 580 1225 vagus
591 1161 719 1211 incertum
731 1167 853 1225 penetra.
888 1167 939 1218 que
949 1152 1045 1201 ferinos
1055 1152 1087 1201 ln
1106 1164 1189 1201 mores
1208 1150 1327 1211 redeant,
1337 1154 1418 1214 atque

324 1238 363 1287 uit
380 1236 468 1287 uerita
483 1236 606 1299 Pontum,
623 1236 697 1288 Fecit
713 1244 741 1287 st
756 1237 852 1299 ignotis
889 1230 922 1278 ad
933 1228 1075 1291 waima
1085 1226 1235 1277 rectumff
1250 1226 1324 1275 Idm·

325 1312 404 1362 itiner
425 1312 579 1362 commercia
596 1311 690 1362 terris.’
714 1312 854 1361 Parissima
921 1303 1164 1365 Sedsoevs'urigribrs
1177 1302 1271 1364 AEtaoe]
1287 1300 1419 1351 Seuer-in

326 1396 412 1437 autem
433 1386 503 1435 hisce
520 1386 602 1435 tribus
619 1386 736 1435 versibus
752 1387 797 1435 iiia
810 1386 853 1435 Ti-
889 1379 971 1429 Herc·
988 1378 1042 1429 OEt·
1052 1393 1090 1428 15·
1102 1383 1158 1427 ²⁸0·
1189 1378 1275 1431 ‘0⁰¹⁸
1285 1377 1351 1440 iduh
1362 1383 1420 1426 ¹⁸¹¹·

327 1464 391 1512 bussi
400 1463 444 1513 lib.
455 1476 474 1511 1.
486 1463 560 1525 Eleg.
571 1466 596 1512 s.
611 1462 618 1488 ‘
632 1462 753 1513 Nondum
771 1478 853 1513 mu.
890 1461 932 1505 tus
943 1456 969 1504 iu
983 1456 1075 1506 calum
1094 1452 1158 1504 furit
1169 1454 1292 1503 Ardentis
1310 1452 1422 1501 AEtuaei'

326 1540 381 1587 less
398 1538 473 1601 pinus
491 1545 684 1600 contempserat
698 1538 790 1600 undas,
807 1537 854 1587 Ef-
889 1531 1052 1582 Lucretius.
1066 1544 1100 1580 ιι.
1131 1528 1255 1580 ‘Eximiis
1273 1542 1336 1579 vero
1354 1527 1422 1579 furit

327 1611 412 1663 fusum
434 1613 519 1661 ventis
541 1613 742 1678 prebueratque
761 1616 855 1677 sinum,
890 1606 992 1669 ignibus
1003 1608 1115 1671 impetus
1128 1606 1230 1656 AEtoss.'
1247 1608 1322 1657 idem.

328 1689 387 1738 Nee
398 1702 479 1752 vagus
489 1688 585 1751 ignotis
596 1695 719 1753 repetens
734 1690 856 1753 oompeu·
924 1682 1027 1732 Fervm
1036 1698 1102 1732 amor
1111 1686 1178 1732 ordei
1188 1683 1300 1747 hubesdr]
1310 1684 1420 1733 lederet·

325 1764 472 1826 dissenis,
490 1764 628 1813 Presserat
643 1772 750 1816 externa
767 1766 858 1816 navita
892 1755 938 1805 lib·
949 1771 975 1805 V·
1001 1758 1148 1807 ‘Nimirum
1163 1758 1223 1823 quii
1233 1772 1285 1807 ³⁰¹¹
1295 1757 1422 1821 ⁰⁰8⁰0Vst

331 1854 418 1889 merce
428 1839 528 1889 ratem!
545 1840 620 1889 idem.
894 1834 938 1897 qui
949 1834 985 1884 sit
995 1833 1105 1885 habendi
1117 1834 1204 1885 finis!
1219 1835 1341 1884 Evander
1352 1832 1423 1898 apud

364 1916 525 1979 Noooiitora]
537 1916 628 1965 Senee.
636 1916 662 1965 in
671 1917 743 1967 Med,
754 1933 791 1967 vs,
802 1921 857 1969 ιιι,
894 1908 987 1972 Virgii.
1005 1923 1069 1960 vrrs.
1089 1908 1189 1959 AEueid.
1223 1912 1231 1939 ‘
1243 1910 1367 1959 Deterior
1378 1909 1424 1959 do·

333 1996 361 2041 et
372 2004 444 2054 seqq.
460 1989 596 2038 ‘Candida
611 1992 694 2041 uestri
705 1994 801 2041 secula
812 2006 858 2055 pa·
894 1998 943 2035 ¹100
964 1987 1096 2049 paulltfim
1118 2003 1148 2037 ⁸0
1169 1988 1275 2037 decolor
1298 1992 1372 2047 &tus
1388 1988 1427 2035 Et

332 2074 387 2116 tres
405 2065 512 2128 Videre,
528 2066 619 2128 procui
635 2064 727 2117 fraude
743 2075 860 2129 remote;
894 2062 956 2111 belli
967 2062 1062 2124 rabies,
1073 2068 1101 2112 et
1110 2077 1180 2111 amor
1188 2063 1314 2112 successit
1324 2062 1423 2111 raben-

334 2142 386 2193 Sua
397 2141 504 2205 quisque
516 2140 587 2203 piger
597 2141 675 2191 litora
689 2149 800 2206 tangens
810 2145 861 2193 Pa·
896 2137 942 2186 di!
973 2138 1102 2188 Prudens.
1120 2139 1147 2187 in
1169 2138 1309 2202 Psychom.
1343 2136 1425 2187 ‘Neo

334 2216 385 2264 trio
404 2229 483 2264 senex
499 2212 585 2265 faetus
600 2215 626 2264 in
638 2229 708 2279 arvo,
725 2217 813 2268 Parvo
823 2218 861 2268 dl.
897 2212 982 2276 parcit
997 2214 1109 2277 propriis
1131 2228 1203 2263 amor
1219 2214 1355 2264 insatiatus
1376 2214 1424 2261 ira·
1473 2250 1477 2256 ,

335 2304 390 2354 res,
406 2291 456 2340 uisi
473 2304 536 2354 quas
556 2291 651 2340 tulerat
662 2293 758 2342 Natsie
771 2295 863 2356 solum,
896 2286 976 2337 brndi
994 2289 1169 2353 Pignortbos:
1204 2289 1303 2339 Arnob.
1321 2289 1368 2338 lib.
1391 2302 1427 2337 ιι.

335 2382 387 2417 uon
400 2373 475 2417 norat
485 2365 567 2431 opes?
592 2367 650 2416 Rex
662 2368 818 2417 Colchorum
828 2369 862 2419 sd
898 2361 967 2413 Adv.
976 2364 1089 2413 Gentes:
1107 2364 1227 2413 ‘Icoiroo
1238 2364 1335 2413 animas
1343 2364 1428 2427 misit,

335 2442 495 2505 Argonautas
506 2441 576 2505 apud
588 2442 647 2491 Vai.
658 2443 746 2493 Fiaec.
754 2441 801 2493 lib.
814 2459 864 2495 vn.
899 2446 929 2489 ut
939 2454 997 2504 quse
1016 2454 1103 2489 secum
1121 2446 1309 2491 commorantes
1324 2453 1428 2503 posses·

336 2518 425 2568 ‘Orbe
434 2525 503 2567 satos
513 2517 572 2579 alio,
581 2530 626 2567 sua
635 2517 724 2581 litora,
732 2533 864 2583 regnaque
900 2514 978 2563 sionis
994 2514 1104 2579 alicujus
1129 2516 1227 2564 nulium
1250 2528 1362 2577 uuquam
1380 2515 1429 2563 ira-

336 2596 470 2657 tabentes,
491 2594 557 2645 Quis
576 2592 647 2642 t'uror
662 2594 706 2643 iras
722 2595 813 2644 mediis
823 2601 864 2646 tot
900 2589 1017 2639 buisteni
1045 2603 1176 2639 amoremt
1203 2590 1358 2639 avarissimus
1384 2590 1428 2639 hie

336 2671 459 2722 fluctibus
471 2670 525 2733 egit
536 2670 562 2717 in
575 2682 632 2719 oras
643 2668 661 2715 i'
698 2670 741 2719 De
757 2669 864 2721 andacia
900 2664 1002 2727 fierent,
1013 2666 1076 2715 etiu
1084 2665 1195 2715 habendi
1205 2665 1318 2715 studium
1326 2665 1431 2714 inexsa-

337 2746 479 2810 primorum
502 2744 647 2793 Nautsrum
673 2746 755 2793 multa
773 2748 864 2798 Senec.
902 2740 1005 2790 turabili
1026 2741 1140 2805 pectoris
1158 2741 1323 2791 ardescerent
1347 2754 1429 2804 appe·

337 2816 364 2869 iu
373 2818 479 2882 Medea,
490 2818 567 2867 Cher.
578 2822 602 2869 2.
613 2819 679 2869 Stat.
691 2818 735 2868 iib.
745 2833 764 2868 ι.
772 2818 866 2872 Achilt.
901 2817 968 2866 titu:
985 2815 1129 2867 effoderent
1139 2819 1206 2867 altos
1215 2826 1326 2880 montes,
1340 2824 1367 2867 et
1378 2818 1431 2868 sis·

337 2895 432 2945 Horat.
445 2908 465 2945 ι.
484 2894 569 2943 Germ.
583 2893 670 2943 051.
688 2894 816 2944 Phaedrus
826 2910 866 2945 rs.
903 2905 962 2940 cera
972 2892 1062 2956 ignota
1073 2894 1362 2944 terrarumiumateriaa
1371 2906 1431 2941 ser·

339 2968 404 3019 Feb.
416 2968 549 3019 Cisudian.
566 2967 593 3018 iu
602 2968 711 3020 Prasiai.
729 2970 775 3021 tib.
792 2984 814 3021 ι.
833 2971 867 3021 de
903 2974 990 3018 terent
999 2970 1076 3019 alieni
1086 2970 1195 3019 nominis
1206 2977 1284 3035 atque
1294 2968 1371 3018 ustis?
1389 2969 1430 3018 le.

339 3046 419 3107 Rapt.
431 3046 554 3108 Proserp.
570 3046 646 3095 Idem.
937 3044 1003 3106 Hes,
1013 3045 1105 3107 primm
1114 3046 1167 3110 qais
1178 3046 1232 3103 suit
1241 3046 1291 3110 iile]
1307 3044 1334 3093 Si
1345 3043 1432 3093 credi·

375 3120 442 3167 Tunc
459 3120 554 3167 classico
575 3134 637 3168 soeou
656 3119 776 3185 tacebunt]
793 3120 868 3185 V'rrg.
904 3133 960 3168 mus
980 3120 1143 3182 cassiodoro,
1156 3122 1232 3184 primi
1244 3123 1251 3149 ‘
1264 3134 1353 3171 aurum
1372 3120 1431 3169 AEa·

341 3206 374 3243 rr.
381 3194 480 3257 Georg.
490 3197 498 3223 ‘
510 3196 634 3245 Necdum
644 3197 721 3246 etism
731 3197 868 3248 audierant
905 3208 962 3257 eus,
972 3202 1109 3258 argeutum
1116 3196 1198 3245 Indus
1209 3210 1255 3245 rex
1265 3194 1380 3258 Scythia
1391 3201 1431 3243 re:

340 3264 427 3317 inflari
447 3268 565 3329 classica,
583 3282 631 3317 uec
651 3269 711 3319 dum
728 3270 867 3333 Impositos
905 3272 1045 3335 peremat?
1068 3278 1096 3322 et
1113 3274 1223 3323 humanu
1242 3274 1300 3323 usui
1318 3270 1434 3322 tradide-

341 3341 411 3392 duris
424 3342 697 3407 crepitaseiueudibus
707 3346 800 3395 enses?
814 3346 869 3396 Ho-
906 3354 975 3397 ruat.
1000 3348 1061 3398 viu.
1078 3361 1122 3399 ιιι.
1139 3350 1240 3398 variar.
1250 3353 1291 3398 15.
1319 3346 1435 3395 Videtur

342 3426 393 3469 rat.
414 3419 498 3483 Epod.
515 3418 566 3469 Od.
587 3423 612 3469 2.
630 3418 711 3469 ‘Nec
739 3420 870 3472 excitatur
906 3429 994 3472 autem
1010 3429 1100 3474 noster
1127 3424 1371 3475 imitari'iibuiium
1387 3424 1435 3487 qui

342 3494 450 3545 classico
462 3496 535 3544 miles
554 3495 631 3559 truci,
648 3496 706 3549 Nec
722 3498 811 3549 horret
821 3498 870 3547 ira·
906 3498 951 3547 lib.
970 3511 991 3547 ι.
1011 3500 1084 3563 Eieg.
1105 3504 1145 3548 10.
1163 3500 1260 3565 inquit,
1280 3500 1365 3553 ‘Quis
1381 3498 1436 3548 fuit

344 3577 399 3617 tum
410 3568 499 3619 mare!
517 3570 591 3619 Idem.
904 3573 1047 3624 horrendos
1054 3576 1151 3639 primus
1158 3576 1204 3641 qui
1215 3574 1322 3640 protulit
1333 3588 1410 3624 eures
1417 3573 1438 3622 i'

378 3643 454 3691 Cruor
470 3642 566 3692 torridu
583 3644 688 3695 tinxerut
705 3648 785 3711 orma]
816 3650 870 3700 Ms.
906 3650 982 3699 Idem.

346 3718 527 3768 &mma
537 3720 643 3769 osseas
653 3737 719 3777 arva·
739 3724 871 3775 Seseain
939 3725 1004 3774 Auri
1020 3726 1061 3789 qai
1074 3728 1177 3788 pondero
1192 3726 1262 3789 trote]
1283 3725 1320 3775 rit
1336 3731 1436 3788 querito

344 3796 407 3846 Oct.
414 3798 512 3845 vestii.
521 3801 549 3846 et
558 3810 611 3861 seq.
619 3804 626 3826 ⁴
634 3798 780 3851 Humanum
790 3816 871 3865 genus
907 3802 1027 3851 meliores
1037 3802 1183 3867 Babytacea
1195 3802 1305 3853 incolae?
1333 3801 1366 3849 de
1376 3801 1436 3864 qui·

344 3874 404 3924 Nou
421 3872 488 3924 belis
499 3881 582 3938 norat,
600 3890 650 3926 nou
667 3878 738 3929 tubae
752 3878 870 3928 fremitus
907 3878 956 3927 bus
971 3878 1071 3929 Solinus
1082 3894 1140 3943 cap.
1152 3885 1177 3930 8.
1208 3880 1217 3908 ‘
1230 3880 1253 3927 A
1265 3878 1337 3927 Susis
1346 3875 1439 3938 Baby-

342 3951 590 4012 transactorum
601 3959 700 4018 gentes,
715 3955 820 4017 cingere
830 3969 870 4004 as·
906 3960 968 4004 tace
978 3954 1102 4018 oppidum
1114 3959 1169 4004 1515.
1182 3954 1295 4004 millibus
1313 3966 1438 4017 passuum

343 4033 518 4077 messuistis!
530 4029 612 4079 Muris
622 4044 671 4081 uec
683 4028 777 4082 urbes!
794 4032 871 4083 Idem
906 4029 998 4091 distat,
1008 4029 1035 4078 iu
1046 4044 1097 4094 quo
1115 4031 1239 4080 mortales
1251 4028 1363 4079 universi
1373 4026 1438 4077 odio

342 4102 371 4151 iu
389 4104 471 4167 Hipp.
488 4118 526 4153 rs.
542 4108 600 4157 851,
616 4106 696 4156 ‘Nou
713 4122 784 4157 arma
802 4122 871 4158 seva
907 4104 961 4154 auri
979 4105 1100 4155 coimuut
1116 4105 1164 4156 hoo
1185 4121 1267 4170 genus
1287 4104 1397 4167 metaiii,
1408 4110 1439 4152 et

345 4178 418 4227 miles
429 4179 536 4241 aptabat
543 4181 636 4231 manu?
652 4182 727 4232 Idem.
907 4181 1035 4244 abjiciunt
1052 4182 1080 4231 iu
1097 4187 1225 4232 terrarum
1244 4180 1384 4247 profunda,
1402 4193 1439 4228 ne

379 4252 469 4317 Furor]
494 4253 593 4305 statius
609 4268 660 4307 vu.
683 4256 810 4307 Thebaid.
825 4258 871 4307 Sa·
907 4257 999 4320 polluti
1010 4272 1059 4307 usu
1075 4257 1131 4323 eius
1149 4260 1260 4311 auaritia
1270 4262 1440 4321 corrumpant
