3184 4959
429 405 622 458 ascensus
650 371 864 458 nnrrronnu
893 407 1059 456 norrun.
1219 392 1284 458 569

201 549 439 632 magnitudinem,
460 558 502 619 ut,
517 549 730 626 qualecumque
753 568 829 626 opus
850 549 896 619 sit,
917 548 1023 611 blattae
1044 557 1074 608 et
1091 547 1182 608 tincae
1195 551 1285 608 modo

201 657 478 818 pailcitrrntepenult.
497 747 562 816 post
585 739 915 820 disceptant,'rupplcr
950 739 1173 800 ‘Machameum
1196 739 1284 800 ctiam

201 835 408 898 Archimedem
421 835 563 896 Latialem
577 834 684 894 Siculis
692 834 869 895 reddidisti?

245 1139 330 1206 Gun
347 1140 520 1225 Bipontiui
534 1139 659 1206 unllam
675 1139 852 1204 editionem
862 1136 995 1204 Boiithii
1009 1137 1169 1214 dederint,
1186 1137 1287 1204 Noti·

202 1242 380 1306 lineorum
403 1261 446 1305 ex
472 1260 612 1305 necesse
637 1239 864 1319 desideratur3
885 1259 948 1303 nee
973 1239 1079 1304 editio
1102 1258 1176 1304 curn
1197 1241 1288 1304 notis

205 1339 382 1406 Variorum
406 1340 510 1404 ullum
532 1341 657 1424 praebet
681 1340 873 1404 Editionum
898 1339 1100 1404 Recensum.
1153 1338 1288 1404 Lectori

202 1442 302 1524 igitur
313 1441 543 1508 substituimus
556 1441 758 1506 historiolam
780 1442 881 1506 istam
907 1441 949 1505 de
972 1441 1107 1507 Boemii
1128 1447 1230 1506 aetate
1253 1445 1288 1504 et

193 1542 404 1632 editionibus
420 1561 518 1624 quam
533 1541 744 1608 doctissimus
762 1541 938 1606 Fabricius
951 1543 1047 1606 nobis
1062 1540 1289 1624 suppeditavit

202 1645 236 1708 in
252 1643 463 1710 Bibliotheca
476 1663 539 1709 sua
553 1643 683 1709 Latina.
706 1645 794 1710 Duae
806 1649 885 1708 sunt
897 1642 1089 1726 hujusmodi
1103 1641 1288 1706 historiolae

204 1746 376 1810 abeodem
398 1747 471 1810 viro
495 1746 535 1811 cl.
559 1747 785 1826 concinnatee3
808 1765 874 1810 nna
892 1764 1009 1827 nempe
1032 1745 1066 1807 in
1091 1744 1199 1827 primo
1220 1742 1290 1807 vol.

203 1846 365 1914 Biblioth.
387 1847 463 1912 Lat.
479 1848 557 1910 edit.
573 1847 698 1911 Hamb.
715 1847 808 1912 1721.
827 1849 934 1912 altera
946 1846 981 1910 in
994 1845 1063 1909 vol.
1078 1845 1176 1909 tertio
1190 1851 1226 1908 et
1239 1843 1290 1910 ul·

204 1949 287 2020 timo
312 1946 459 2031 ejusdem
480 1948 602 2031 operis,
623 1947 701 2012 edit.
725 1948 851 2014 Hamb.
864 1946 961 2014 1722.
1006 1946 1113 2012 Hisce
1128 1945 1291 2010 ambabus

204 2051 289 2115 inter
305 2068 342 2112 so
357 2048 502 2126 collatis,
524 2048 626 2113 istam
639 2047 753 2112 lectori
768 2049 948 2114 obtulimus
963 2067 1040 2130 quae
1064 2048 1234 2131 copiosius
1257 2053 1292 2110 et

206 2151 459 2220 secundusne
484 2150 620 2215 Boethii
643 2150 744 2214 rebus
767 2155 895 2226 tractat,
919 2168 1038 2231 nempe
1063 2148 1292 2231 posteriorem.

205 2251 386 2328 Emestius,
396 2252 430 2315 in
439 2251 586 2315 editione
595 2271 660 2315 sna
671 2250 820 2316 Fabricii
830 2249 1051 2314 Bibliothecae
1063 2250 1293 2325 Latinae,mul·

205 2353 249 2424 tis
265 2361 367 2416 aucta
381 2360 418 2415 et
430 2352 614 2430 emendata,
636 2351 814 2416 Boethium
838 2351 986 2426 omnino,
1001 2349 1060 2413 sed
1074 2349 1241 2425 consulto,
1255 2356 1293 2414 ut

205 2453 346 2529 videtur,
372 2452 592 2535 praetermisit.
624 2451 773 2518 Fabricii
799 2449 907 2532 ipsius
934 2449 977 2514 de
1002 2447 1145 2512 Boiitbio
1171 2448 1295 2514 notitia

206 2554 316 2619 brevis
332 2554 467 2636 quidem
482 2561 545 2634 est,
556 2560 589 2618 et
602 2551 717 2616 deficit
736 2551 839 2616 etiam
854 2553 896 2616 de
914 2549 1114 2616 editionibus
1127 2568 1233 2633 nsque
1249 2551 1295 2616 ad

207 2675 305 2720 sunm
317 2663 449 2739 tempus
461 2655 613 2737 vulgatis.
636 2651 803 2732 Quaedam
817 2650 1005 2736 hujusmodi
1017 2650 1219 2727 notabimus,
1228 2651 1296 2716 alia

207 2756 361 2840 quaedam
376 2756 462 2822 infra
476 2755 625 2820 Fabricii
639 2759 771 2835 tempus
787 2750 996 2817 decurrentia
1005 2749 1252 2833 subjungemus.

252 2857 432 2922 Harlesius
452 2863 548 2920 notat
568 2855 648 2920 edit.
668 2855 873 2918 rarissimam
887 2853 959 2916 sine
973 2870 1069 2927 anuo,
1083 2850 1175 2928 loco,
1190 2857 1225 2915 et
1237 2870 1295 2915 no·

208 2959 296 3022 mine
326 2955 537 3041 typographi,
566 2955 637 3032 sed,
663 2962 703 3019 ut
731 2959 877 3037 putatur,
898 2953 986 3018 iutra
1009 2970 1117 3015 annos
1142 2950 1241 3016 1472.
1263 2955 1297 3014 et

210 3056 304 3122 1482.
319 3058 527 3140 inpressam.
564 3054 662 3119 Brev.
678 3051 761 3122 Not.
777 3054 844 3118 uic
859 3049 1093 3132 Bom.p.766.
1164 3095 1170 3102 „
1373 3130 1377 3135 x

253 3157 429 3222 Fabricius
453 3156 592 3221 cursitet
617 3161 715 3220 notat
739 3153 901 3220 editiones
923 3149 1020 3216 1473.
1042 3155 1076 3214 et
1099 3151 1296 3216 lerneam

209 3257 322 3322 multis
334 3258 419 3322 aliis.
464 3256 630 3321 Editienis
649 3254 813 3339 principis
837 3251 1091 3335 descriptionem
1105 3256 1299 3316 accuratam

210 3359 403 3443 subjicimus
417 3378 461 3424 ex
477 3358 594 3424 Indice
613 3359 771 3423 librorum
792 3355 835 3433 ab
859 3354 995 3418 inventu
1017 3353 1235 3434 typographia
1255 3351 1298 3416 ad

212 3459 686 3540 annum1500.ehronologiee
709 3456 874 3540 disposito
894 3473 915 3517 a
938 3449 1167 3516 Fene-xer.
1188 3451 1298 3529 Laire,

212 3559 304 3626 Part.
320 3575 344 3622 1.
370 3580 405 3641 p.
419 3557 495 3622 295.
540 3556 686 3641 “Auitij
704 3554 825 3638 Manlij
848 3552 1009 3635 Torquati
1021 3550 1173 3617 Severini
1187 3551 1297 3636 Boetij

212 3657 366 3724 ordinarii
387 3657 511 3741 patritij
539 3658 731 3721 exconsulis
763 3655 805 3719 de
833 3652 1064 3718 consolatione
1090 3653 1299 3737 philosophie

213 3779 290 3826 cum
316 3757 560 3831 commentariis
589 3758 706 3823 Sancti
731 3757 873 3822 Thomae
899 3755 941 3818 de
965 3753 1125 3836 Aquino-⁹
1177 3755 1216 3819 In
1238 3754 1299 3820 sol.

212 3859 370 3926 maximo.
385 3876 430 3920 ιιι.
444 3877 471 3921 ι.
514 3856 702 3924 Voluminis
723 3857 821 3941 hujus
845 3856 973 3939 duplex
998 3860 1050 3919 est
1073 3874 1171 3936 pars:
1193 3855 1300 3936 prima

213 3959 347 4024 exhibet
360 3961 486 4022 textum
502 3953 637 4021 Boethii
652 3977 727 4024 curn
741 3956 989 4024 commentariis
1012 3955 1048 4019 S.
1062 3955 1223 4034 Thomae;
1246 3974 1299 4020 se·

205 4060 324 4150 cunda
338 4076 418 4122 vero
432 4061 558 4121 textum
575 4059 723 4122 auctoris
739 4045 904 4132 'manum
928 4060 962 4119 et
985 4054 1169 4126 versionem
1192 4055 1300 4138 ipsius

214 4160 250 4227 in
262 4159 407 4240 linguam
422 4156 667 4257 Germanicum.
687 4158 805 4233 Prima
813 4155 934 4242 incipit
941 4153 992 4221 sic
1002 4174 1012 4220 ι
1023 4154 1151 4222 ‘saneti
1158 4154 1298 4224 Thone

217 4257 259 4325 de
272 4257 410 4342 Aquino¹
420 4278 519 4346 super
532 4257 625 4330 libris
635 4299 636 4306 ι
648 4257 759 4358 Boetii
776 4258 818 4324 de
842 4256 1071 4327 consolatione
1085 4255 1296 4347 philosophie
