3184 4959
293 375 358 442 568
528 388 684 440 norrrra
711 385 920 434 nrrnaarna
948 385 995 434 nn
1020 385 1193 434 noarnro.

336 547 380 605 De
392 545 559 603 Geometria
574 540 653 601 Libri
670 557 707 599 rr.
722 561 738 599 e
759 539 865 618 quibus
881 538 1025 620 posterior
1045 538 1256 615 podismorum,
1272 548 1305 597 nt
1327 557 1382 596 ro·

296 650 353 714 cat,
369 640 499 698 notitiam
514 639 574 696 sive
590 636 792 697 Gromsticam
806 637 910 714 tangit.

335 743 487 821 dilegatur
501 739 617 801 Boiitbii
639 739 862 799 commentarius
876 759 964 818 snper
977 737 1170 816 Porphyrium
1185 735 1224 796 ad
1244 735 1382 805 Fabium,

296 841 334 900 ab
350 838 482 898 Honorio
503 833 761 912 Augustodunensi
776 835 810 893 L.
826 853 849 895 1.
865 855 894 895 c.
915 851 991 893 xxr.
1013 834 1051 892 de
1066 831 1254 910 Philosophia
1267 829 1381 900 mundi,

296 943 358 993 eta
382 932 520 991 Zacharia
540 929 789 1009 chrysopolitano
811 929 847 989 Τ.
863 939 909 990 10.
930 929 1006 988 Bibi.
1023 930 1140 989 Patrnm
1154 926 1226 986 edit.
1240 925 1335 1004 Lugd.
1350 945 1383 1002 p.

298 1026 367 1097 ⁷36.

338 1121 457 1182 Librum
477 1119 652 1179 divisionum
667 1119 829 1180 laudatio.
853 1120 1074 1180 Sarisberiensis
1088 1132 1143 1176 111.
1158 1125 1189 1188 9.
1210 1114 1382 1192 Metalogici

297 1235 329 1297 p.
344 1216 408 1278 165.
423 1217 521 1294 aitque
534 1235 601 1275 enm
612 1217 787 1296 compendio
801 1216 955 1276 verborum
964 1227 994 1277 et
1003 1214 1144 1292 elegantia
1158 1231 1293 1272 sensuum
1307 1212 1386 1270 inter

298 1331 388 1391 opera
400 1311 525 1384 Boethii,
540 1331 607 1389 quae
621 1311 758 1388 Loricam
772 1321 918 1388 spectant,
933 1311 1105 1388 singularem
1119 1307 1244 1392 gratiam·
1263 1316 1383 1365 nactum

300 1427 375 1467 esse.

339 1504 420 1564 Libri
439 1517 487 1562 vr.
510 1503 539 1562 in
554 1501 668 1581 Topica
682 1501 833 1563 Ciceronis
847 1510 1005 1561 occurrunt
1018 1499 1105 1559 etiam
1121 1498 1150 1557 in
1172 1499 1266 1577 primo
1285 1501 1386 1558 Tomo

301 1599 434 1677 Operum
449 1599 599 1659 ciceronis
608 1617 675 1657 cum
691 1597 889 1657 Manutiornm
900 1595 1113 1655 commentariis
1125 1595 1269 1656 editorum
1280 1597 1386 1654 venet.

302 1701 389 1755 1582.
410 1693 461 1753 fol.
503 1692 618 1754 Boethii
635 1693 795 1753 Dialectica
810 1692 839 1751 in
854 1692 1058 1769 compendium
1073 1691 1162 1751 missa
1174 1702 1202 1749 et
1215 1691 1244 1749 in
1256 1691 1385 1768 lingnam

301 1789 438 1848 Graecam
453 1788 591 1847 translata
607 1787 652 1846 usi
669 1787 835 1847 suntetiam
855 1787 963 1846 Graeci.
1004 1786 1080 1846 Vide
1100 1787 1288 1847 Lambecium
1304 1801 1385 1846 vrn.

301 1902 331 1960 p.
357 1891 427 1945 385.
449 1883 631 1944 Scholiorum
657 1883 828 1942 Graecorum
850 1883 879 1940 in
904 1882 1055 1962 librosde
1069 1882 1240 1942 differentiis
1254 1883 1389 1959 Topicis.

303 1979 417 2037 Auctor
429 1988 472 2037 est
488 1977 636 2036 Maximus
649 1976 807 2048 Planudes,
823 1987 856 2037 ut
878 1986 994 2037 constat
1016 1997 1051 2036 es
1066 1978 1178 2037 Codice
1200 1979 1308 2038 Graeco
1325 1979 1386 2037 his.

302 2073 444 2131 Bavarico
457 2087 610 2134 nxxxln.

342 2169 378 2226 V.
402 2175 451 2227 22.
466 2176 537 2244 post
559 2167 662 2226 Venet.
688 2175 775 2238 1559.
797 2167 850 2227 l'ol.
872 2167 969 2227 adde:
990 2173 1044 2227 ‘ea
1058 2167 1175 2226 officina
1188 2167 1390 2246 Valgrisiana.'

303 2261 418 2321 Boethii
429 2262 577 2321 sententia
591 2262 678 2322 editae
693 2265 812 2321 suntab
827 2262 956 2323 ilenrico
968 2263 1100 2335 Ernstio,
1113 2262 1204 2322 forma
1220 2264 1339 2322 minore.

344 2356 487 2417 Libellum
502 2357 539 2415 de
551 2356 704 2436 disciplina
725 2358 906 2418 Scholarium
926 2358 1033 2418 colon.
1059 2367 1145 2430 1493.
1167 2368 1195 2418 4.
1217 2374 1293 2417 cnm·
1309 2377 1390 2416 com-

306 2453 444 2510 mentario
456 2451 567 2530 pridem
577 2453 700 2525 editum,
709 2455 835 2514 Boethio
842 2455 936 2514 minus
951 2465 1031 2513 recte
1046 2454 1135 2512 tribui
1148 2454 1177 2511 in
1188 2453 1258 2512 edit.
1279 2454 1392 2512 Veneta

309 2544 395 2605 1516.
420 2556 448 2607 8.
470 2547 593 2624 aliisque
618 2567 704 2624 qnam
729 2549 871 2626 plurimis,
888 2549 952 2624 jam
980 2548 1135 2608 Murmelio
1158 2547 1392 2607 animadversum

306 2648 377 2699 cst.
402 2639 578 2718 Opinionem
592 2640 718 2711 Labbei,
740 2643 790 2719 qni
805 2642 884 2701 illum
901 2642 1045 2719 Dionysio
1069 2643 1266 2701 Cartbusiano
1279 2642 1394 2714 tribuit,

306 2733 411 2794 refellit
420 2735 506 2793 etiam
521 2735 736 2814 Papebrochins
748 2737 786 2795 T.
801 2735 831 2794 6.
846 2736 918 2795 Act.
929 2737 1062 2795 sanctor.
1078 2736 1150 2795 Mali
1160 2755 1189 2813 p.
1203 2733 1273 2802 706.
1299 2782 1302 2802 .

346 2828 384 2887 Et
398 2847 468 2889 sane
481 2829 511 2888 in
525 2828 601 2888 libro
614 2847 721 2889 excuso
736 2833 773 2890 Α.
790 2838 878 2901 1509.
892 2839 923 2890 4.
938 2830 989 2907 qni
1006 2829 1174 2889 inscribitur
1189 2830 1394 2890 Auctoritates

309 2921 474 2984 Aristotelis
488 2934 519 2984 et
532 2925 653 2986 aliorum
668 2926 921 3006 Philosophorum,
931 2927 994 3003 jam
1016 2937 1149 2987 notatum
1163 2926 1277 3004 reperio
1291 2925 1393 3003 ‘quod

307 3016 381 3077 liber-
410 3018 447 3078 de
471 3018 649 3080 institutione
673 3021 856 3081 Scholastica
878 3021 1003 3082 Boethio
1028 3022 1198 3081 humilitatis
1222 3032 1253 3081 et
1276 3019 1395 3098 majoris

310 3115 491 3175 auctoritatis
514 3135 602 3175 cansa
624 3117 770 3194 ascriptus
799 3118 871 3176 sita
893 3118 1010 3177 Thomu
1033 3118 1209 3176 Brahantino
1230 3119 1336 3177 Graece
1358 3138 1394 3178 ac

310 3210 454 3271 Hebraice
467 3209 570 3281 docto,
585 3211 635 3289 qui
655 3231 691 3270 ex
718 3214 828 3272 Graeco
851 3215 999 3272 transtulit
1020 3215 1108 3273 libros
1132 3214 1306 3284 Aristotelis,
1328 3233 1396 3290 qnae

309 3303 460 3363 translatio
474 3305 554 3383 apud
569 3326 622 3364 nos
637 3295 759 3366 habetur
781 3318 813 3367 nt
826 3318 950 3367 testatur
963 3309 1063 3368 hbbas
1082 3309 1283 3383 (Trithemins)
1294 3309 1322 3366 in
1337 3309 1397 3368 Ca·

313 3398 413 3479 talogo
428 3401 569 3479 Scriptor.
584 3401 709 3461 Eccles.’

352 3495 482 3575 Vetelegi
505 3499 533 3556 in
557 3498 680 3559 eundem
703 3499 1092 3562 Libellumcommentarins
1116 3512 1290 3559 memoratur
1310 3519 1328 3558 a
1347 3502 1397 3561 10.

314 3589 443 3649 Lelando
466 3610 497 3669 p.
520 3593 589 3654 360.
616 3595 653 3653 (10
676 3594 876 3671 Scriptoribns
896 3595 1081 3654 Britannicis.
1103 3595 1210 3654 ‘Erant
1235 3614 1270 3654 eo
1292 3597 1398 3655 saeculo

250 3763 255 3774 Ι
314 3683 560 3760 quemadmodum
584 3695 613 3744 et
638 3687 694 3745 hoc
720 3687 839 3766 quidem
861 3698 962 3749 nostro
988 3689 1104 3749 anselm
1124 3689 1340 3750 lucubrationes
1366 3692 1397 3750 in

314 3797 418 3855 magna
431 3778 530 3855 gloria,
544 3798 633 3856 quare
647 3783 785 3859 veretego
798 3783 961 3843 Boiitbiano
985 3804 1084 3863 operae
1098 3786 1224 3862 pretium
1240 3785 1331 3844 visum
1345 3795 1391 3844 est

314 3871 378 3946 ejus
388 3873 530 3933 Libellum
541 3875 579 3934 de
591 3874 745 3953 disciplina
759 3877 996 3938 scholasticorum
1012 3879 1225 3939 commentariis
1239 3877 1397 3954 ingratiam

316 3967 403 4041 pubis
416 3968 569 4030 illustrare.
609 3971 752 4050 Frequens
761 3982 806 4032 est
818 3972 847 4031 in
861 3973 1052 4035 Bibliothecis
1066 3973 1179 4035 libellus
1193 3971 1261 4031 olim
1283 3990 1300 4030 a
1322 3972 1399 4030 mul-

314 4059 352 4122 tis
367 4064 483 4124 curiose
504 4065 608 4139 lectus,
632 4077 662 4127 at
682 4085 758 4130 nnnc
779 4069 946 4150 eloquentia
965 4090 1028 4132 eans
1052 4067 1180 4133 excrevit
1204 4065 1342 4130 iocunda
1363 4067 1395 4133 in
