3184 4959
328 405 480 450 sonuisti
507 405 555 452 nli
577 405 733 454 CONSOL·
759 399 980 458 PHILOSOPH.
1006 412 1076 458 bin.
1102 412 1141 458 11.
1226 397 1290 462 461

198 544 289 606 diguus
309 543 382 606 urbe,
401 542 495 607 dignus
510 552 601 594 nostro
615 545 724 608 judicio,
763 548 915 611 sidetadros,
923 550 948 598 id
958 558 1007 611 est,
1020 552 1134 602 Auster!
1154 553 1226 602 idem.

198 619 291 682 diguus
302 619 398 667 trabeis
409 620 561 668 estimatis!
585 621 661 670 idem.
797 624 866 687 Saepe
884 627 1010 687 tranquillo
1028 627 1107 676 radiat
1118 628 1211 690 sermo]
1230 627 1292 676 Aur-

233 695 337 756 Medina]
365 695 469 743 Primus
496 695 564 757 apud
597 696 725 744 Romanoa
764 699 869 762 biguum
881 708 964 750 utrum
977 701 1065 750 borum
1079 706 1113 753 sit
1125 704 1291 767 adjectivum,

197 772 269 818 locos
277 769 384 830 medius,
392 770 523 832 proximus
531 771 674 831 dextsr3ut
683 772 727 821 do·
764 773 891 838 siquidem
909 777 985 824 ambo
1003 778 1146 838 promiscue
1164 793 1292 840 usurpau-

199 856 241 896 cet
252 854 343 897 contra
354 849 484 898 Becanusn
497 849 520 897 1.
540 849 644 910 Lipsius
662 850 726 898 libro
765 856 818 898 tur.
850 849 992 900 Multorum
1004 853 1084 900 instar
1104 854 1137 902 sit
1153 855 1225 903 locus
1247 855 1290 902 ille

197 937 228 971 ιι.
238 924 354 972 Elector.
365 927 456 984 capt.
490 925 565 972 luter
573 925 726 974 Consulares
765 923 869 987 Vegetii
888 925 933 972 lib.
944 931 969 974 4.
990 927 1031 974 De
1041 928 1080 976 Re
1098 929 1220 990 Militari,
1232 943 1292 990 cap.

198 1013 261 1046 vero
272 997 462 1061 praeferebatur
479 999 509 1059 is,
525 1000 566 1062 qsri
584 1001 655 1062 prior
674 1014 728 1061 ges·
765 1002 805 1046 tl.
837 999 947 1048 ‘Multis
959 1014 1060 1064 quoqne
1079 1002 1159 1064 signis
1171 1001 1203 1050 de
1222 1011 1293 1050 tran·

198 1080 268 1123 serat
288 1075 459 1133 consulatum,
476 1074 577 1122 etiamsi
595 1076 727 1136 posterior
765 1074 845 1136 quilla
857 1077 987 1138 procellae,
998 1083 1025 1126 et
1042 1077 1075 1126 de
1091 1080 1291 1142 tempestatibus

197 1146 440 1198 biseonsulfuerat.
459 1149 527 1197 Vide
536 1148 629 1199 Jacob.
639 1150 727 1212 anac.
765 1161 858 1198 serena
869 1151 1065 1212 producuntur?
1078 1153 1154 1203 idem.

202 1225 234 1272 ad
246 1227 275 1275 C.
287 1234 306 1275 t.
316 1231 341 1275 3.
353 1227 370 1274 l.
381 1230 406 1274 2.
418 1226 462 1274 lib.
475 1239 530 1275 xm.
547 1226 622 1274 ideas.
799 1225 890 1274 Rodiot
905 1227 997 1290 sereno]
1014 1229 1096 1278 Rutil.
1120 1229 1181 1279 ltin.
1201 1229 1247 1279 lib.
1266 1236 1291 1280 2.
1387 1205 1389 1208 Ι

232 1301 410 1362 Nalliaaqaam
421 1298 527 1362 privato]
544 1301 638 1363 Neque
658 1302 726 1350 euim
763 1297 1290 1368 ‘Atridetplacidumradiiscrispantibus
1387 1352 1390 1362 ,

200 1375 342 1438 pruisquam,
369 1376 447 1423 etiam
476 1375 607 1437 princeps,
634 1375 727 1424 eodem
766 1380 869 1436 enitor:
915 1378 1063 1426 Lactantius
1084 1381 1117 1428 de
1140 1381 1292 1432 Resurrect.

199 1467 265 1501 anno
276 1451 416 1502 doosfilios
434 1452 560 1501 Consules
577 1458 605 1501 et
623 1453 727 1514 quidem
765 1448 841 1498 Dom·
854 1449 913 1499 die:
932 1452 1073 1515 ‘Tempora
1090 1452 1211 1519 florigero
1229 1459 1292 1507 ruti·

199 1543 292 1590 pueros
311 1529 386 1578 vidit.
419 1526 555 1590 Olybrium
584 1533 612 1576 et
637 1527 727 1576 Probi·
764 1525 1164 1580 lantdistinctasoreno.'1dem.

199 1612 276 1663 uum,
286 1603 368 1652 Probi
384 1603 459 1663 filios,
474 1603 500 1650 in
518 1603 656 1651 conamus
676 1604 728 1651 col·
811 1601 934 1650 Feroerles
956 1605 1148 1668 ...proeellasJ
1174 1607 1249 1670 virg.
1271 1622 1291 1658 ι.

199 1682 270 1742 legas
288 1681 370 1728 Rom
388 1694 455 1728 auno
474 1692 567 1729 cccvc.
587 1680 727 1742 spectavit,
765 1673 862 1737 Georg.
881 1675 1084 1727 ‘Caraflumiua
1096 1682 1291 1732 crescuntCum

200 1755 306 1817 sedjam
317 1757 391 1804 viros.
413 1756 503 1804 Votlia.
765 1754 849 1801 souitu
859 1770 866 1800 :
878 1752 1015 1818 servetque
1026 1754 1099 1804 fretis
1108 1759 1288 1820 spumantibus

234 1832 355 1878 (laicalem
373 1830 468 1893 ponere]
490 1832 597 1880 Petron.
611 1830 727 1893 Arbiter,
765 1827 874 1889 aequor!
897 1830 969 1878 idem.

200 1906 324 1967 lnSalyr.
340 1905 383 1954 ‘Si
403 1906 468 1953 bene
488 1904 614 1954 calculum
638 1920 727 1968 ponas,
802 1904 874 1952 Verso
891 1908 993 1957 condiat
1010 1908 1113 1969 equore]
1135 1909 1215 1958 ovid.
1237 1909 1290 1958 He·

200 1981 294 2045 ubique
320 1980 479 2044 naufragium
501 1981 569 2030 est.'·
587 1983 654 2030 Pliu.
680 1983 726 2031 Se·
764 1980 829 2028 roiri.
849 1981 934 2042 Epist.
945 1985 969 2029 7.
1001 1981 1120 2046 ‘Aspice
1138 1991 1167 2032 ut
1184 1997 1286 2033 eversas

200 2057 297 2106 candus
324 2056 370 2105 iil).
388 2069 419 2113 u.
444 2057 562 2119 Epistola
585 2061 624 2107 14.
656 2057 726 2106 ‘Hic
763 2057 970 2106 concitetEurus
984 2059 1163 2122 notras'itlem.

200 2145 300 2194 quoque
321 2131 347 2179 in
371 2130 563 2180 conditionibus
583 2131 726 2194 deligendis
796 2133 825 2182 Si
846 2140 926 2184 tortos
947 2138 1025 2186 sarid
1047 2139 1120 2201 nicer]
1146 2139 1240 2189 senec.
1263 2140 1289 2188 in

199 2206 522 2267 ponendussstealeutos!
538 2207 623 2255 Sitzm.
764 2208 837 2258 Med.
861 2225 897 2258 rs.
920 2215 977 2261 28⁷.
1020 2213 1187 2276 ‘Regnorum
1206 2202 1290 2264 statut

231 2281 326 2330 Mara.
335 2287 360 2330 3.
378 2283 439 2330 Cam
495 2281 599 2330 Ptenis
652 2285 726 2331 locem
764 2286 956 2337 Fortunataria
964 2289 1040 2339 dubia
1050 2307 1112 2354 quos
1122 2293 1204 2354 agitat
1215 2291 1291 2340 vice!

197 2357 425 2420 sporgereroeprrit]
436 2357 542 2406 Lucret.
553 2357 598 2406 lib.
610 2371 641 2407 ιι.
657 2357 727 2406 ‘Am
763 2359 891 2410 Prudent.
910 2363 955 2411 lib.
977 2377 1008 2416 ιι.
1027 2365 1124 2415 Contra
1146 2367 1291 2432 symmach.

199 2446 257 2480 rora
267 2446 331 2480 novo
342 2448 399 2481 cum
411 2433 511 2496 spargit
520 2433 614 2481 lumine
625 2432 725 2482 terras!
762 2435 823 2484 ‘Sic
841 2437 889 2484 avi
910 2440 1026 2487 mortalis
1043 2441 1121 2489 habet
1140 2455 1168 2490 se
1188 2441 1290 2490 mobilis

201 2506 278 2554 Ideni.
762 2510 836 2569 ordo,
846 2512 889 2560 Sic
901 2513 985 2564 variat
997 2514 1096 2563 Natura
1109 2515 1197 2564 vices!
1214 2517 1291 2566 idem.

235 2584 320 2634 Verris
328 2585 432 2634 irrubuit
448 2585 520 2648 rosis]
536 2584 686 2634 Manitlib.
699 2590 724 2634 t.
804 2587 879 2635 Crede
899 2586 1008 2646 ¹fortunis
1041 2591 1159 2640 bominum
1185 2593 1290 2655 caducis]

197 2659 306 2721 ‘Tyrias
314 2660 415 2710 imitata
426 2674 557 2722 papavera
568 2660 650 2717 iores,
659 2660 724 2708 Ver·
762 2661 913 2710 Certissima
925 2663 1023 2725 ironia,
1034 2681 1086 2729 qua
1103 2681 1292 2728 premonemur

199 2736 335 2798 nautisque
357 2749 421 2785 rosas
441 2735 583 2785 rubicundo
598 2737 725 2799 sauguine
762 2737 825 2784 ntilli
834 2738 872 2786 rei
883 2752 938 2786 esse
947 2738 1093 2802 fidendum
1110 2748 1218 2803 propter
1226 2744 1292 2790 mul·

198 2808 305 2860 florem?
322 2813 398 2861 Idem.
763 2808 889 2873 tifouues,
900 2828 956 2876 quae
970 2816 994 2862 iu
1014 2815 1119 2876 mundo,
1139 2817 1287 2866 varietates.

230 2885 311 2948 Spiret
321 2888 440 2949 ίιιιιιιιιιιι]
456 2889 545 2936 Plani.
563 2889 589 2935 in
601 2888 725 2939 Bacchid.
762 2885 899 2946 Beue,nec
911 2894 997 2937 tamen
1008 2891 1091 2938 uulnus
1102 2891 1198 2940 ironice
1210 2892 1290 2941 Sene·

199 2960 463 3024 ιΙιιιιιιιιιιιιιιιιιςιιιιιιι
476 2961 568 3009 molior
578 2962 726 3024 negotium?
762 2973 794 3006 ca
805 2959 945 3020 inmensa,
958 2976 995 3011 vs.
1007 2968 1063 3012 221.
1096 2964 1291 3026 ‘Confideretp

199 3037 273 3086 ldem
284 3039 312 3085 iu
327 3036 471 3085 Mostellar.
482 3041 559 3083 vocat
577 3035 585 3062 ‘
597 3036 725 3098 porticum
764 3034 803 3080 nis
815 3048 872 3082 curu
884 3035 947 3083 levis
959 3051 1064 3099 magnas
1075 3053 1137 3100 opes
1150 3039 1208 3088 Huc
1220 3039 1291 3090 ferat

199 3110 318 3159 insanum
330 3108 442 3157 bonnm!
474 3108 724 3159 Plin.Sec.iib.1v.
762 3108 1048 3160 etilluccasos.’1dem.

199 3186 286 3248 Epist.
298 3190 322 3234 2.
339 3186 440 3246 ‘Luget
451 3182 558 3231 insane!
589 3184 682 3232 senec.
699 3184 725 3232 in
791 3185 899 3244 Condat,
906 3191 995 3235 aterno
1000 3187 1061 3250 poa]
1070 3191 1162 3241 Senec.
1171 3191 1196 3240 in
1206 3193 1289 3244 Herc.

198 3259 325 3308 Thebaid.
347 3274 384 3308 vs.
405 3263 463 3308 429.
505 3259 614 3310 ‘Qualia
636 3260 726 3308 insano
763 3260 818 3309 OEt.
831 3275 868 3308 ιι.
880 3265 952 3310 1035.
984 3265 1098 3330 ‘Verum
1116 3269 1235 3331 estquod
1247 3284 1290 3318 ce·

200 3337 263 3385 ratis
274 3337 415 3385 Premente
427 3341 504 3386 sento
516 3335 633 3397 rapitur!
649 3337 725 3386 idem.
762 3335 828 3384 cinit
849 3351 922 3386 sacer
939 3338 1054 3387 Thressae
1077 3341 1124 3387 snb
1149 3341 1289 3404 Rhodopes
1340 3343 1342 3348 '

230 3413 363 3462 Nedaiosss
381 3414 479 3476 Auster]
494 3412 612 3474 Agelliua
632 3413 677 3462 lib.
688 3427 723 3462 ιι.
757 3411 831 3474 jugis
843 3413 963 3474 Tangeris
976 3415 1113 3462 Thraciam
1126 3415 1226 3478 chelym
1236 3416 1287 3464 Or·

198 3501 257 3550 cap.
273 3491 314 3536 22.
347 3486 461 3536 ‘Auster
482 3488 577 3536 Gracc
597 3486 664 3536 viros
682 3502 726 3536 uo.
762 3486 851 3547 pheos,
869 3487 995 3549 Calliopae
1024 3502 1122 3550 genus:
1152 3488 1287 3539 AEternum

198 3565 318 3626 minetur,
335 3565 455 3628 qnoniam
472 3570 514 3611 est
530 3563 669 3612 nebulosus
687 3571 726 3612 at·
762 3559 818 3608 fieri
828 3561 908 3610 nibil.’
935 3562 1046 3623 Ibidem,
1058 3555 1180 3616 ruinoso.
1193 3565 1288 3618 ‘Quod

200 3653 250 3700 que
279 3639 431 3688 humectus:
457 3637 520 3687 roris
539 3639 608 3688 euim
629 3638 725 3689 Graece
761 3644 851 3685 natium
862 3647 912 3699 est,
924 3641 1021 3698 poterit
1032 3639 1115 3689 mori.’
1131 3641 1207 3691 Idem.

199 3713 290 3764 homor
301 3714 467 3764 nominator!
490 3715 583 3764 Senec.
606 3716 632 3763 in
652 3715 723 3766 Med.
792 3716 894 3762 AEterrm
909 3715 1057 3779 positumque
1075 3717 1138 3779 iege]
1155 3719 1288 3768 AEtemam

200 3802 235 3836 vs.
246 3793 305 3838 ⁶8³.
337 3789 606 3852 ‘Nonubilrybernos
619 3791 725 3839 nebulo·
761 3788 845 3850 legem
861 3790 990 3853 theologia
1013 3799 1101 3840 nostra
1115 3793 1231 3840 decernit
1250 3808 1288 3842 es·

198 3874 241 3910 sus
250 3862 344 3912 imbres
351 3863 449 3912 Auster
460 3863 583 3912 adrexit!
602 3864 676 3914 Idem.
761 3877 798 3921 se,
816 3865 951 3914 Rationem
969 3865 1062 3914 divinae
1085 3866 1231 3927 sapientia,
1249 3881 1288 3914 se·

231 3936 331 3998 diua]
342 3938 467 4001 Apuleius
476 3937 509 3986 de
519 3939 632 3988 Mundo:
649 3941 725 3988 ‘Me-
761 3940 873 3988 cundum
885 3955 960 4003 quiam
977 3940 1067 4002 dirigit
1088 3941 1199 3987 omnium
1219 3955 1289 3990 crea·

199 4011 278 4060 ridies
296 4027 367 4074 vero,
382 4014 500 4077 qrtouiam
516 4012 606 4060 eadem
624 4029 725 4076 semper
762 4020 878 4062 tururum
894 4021 979 4063 motus
1001 4021 1028 4062 et
1049 4014 1164 4061 actiones
1182 4015 1208 4062 iu
1229 4029 1287 4067 siros

199 4086 305 4147 regione
320 4088 449 4149 signatur,
460 4102 511 4136 uno
524 4087 629 4150 Austro,
642 4088 725 4152 idest,
761 4085 835 4136 fines.
868 4088 946 4149 Cujus
966 4098 1057 4136 auctor
1079 4087 1194 4137 Hierocli
1214 4091 1288 4158 Com·

200 4157 259 4219 νότῳ
276 4158 370 4210 flator?
401 4163 527 4226 Vegetios
552 4162 586 4211 do
605 4178 633 4212 re
651 4167 725 4215 milit.
762 4162 887 4210 »nantario
905 4167 1037 4212 aureoeit
1052 4162 1209 4226 διμιουργυιὸι
1225 4167 1286 4228 νοῦς,

198 4235 244 4286 lib.
254 4239 278 4285 d.
309 4236 497 4288 ‘Meridianom
514 4237 645 4288 cardinem
665 4254 723 4302 pos·
761 4235 800 4286 iat
811 4236 827 4295 ἡ
838 4235 1015 4301 θείαβούλησιι,
1036 4239 1043 4268 ‘
1055 4253 1126 4290 mens
1138 4238 1236 4305 opifex,
1247 4243 1286 4307 ip·
