3184 4959
301 399 366 464 410
651 408 800 462 eonrurr
826 414 875 462 nu
897 413 1050 462 corson„

302 558 348 621 tis
358 574 434 637 esse
449 556 589 619 nexibus
603 555 776 620 absolute:
793 555 892 620 sicuti
907 574 1004 618 omne
1019 555 1109 639 quod
1122 553 1276 618 sensibus
1289 555 1391 637 putet,

302 659 333 722 si
347 658 390 724 ud
404 641 562 721 rationein
577 657 713 734 reseras,
727 659 912 722 universale
926 663 998 737 est3
1021 657 1051 719 si
1065 656 1108 720 ad
1123 657 1272 739 seipsum
1285 658 1392 739 respi·

304 759 388 834 cius,
400 758 576 839 singulare.
621 757 687 820 Sed
705 758 733 820 si
750 759 784 819 in
799 777 884 834 meu,
899 758 1039 840 inquies,
1054 760 1224 839 potestate
1235 757 1394 821 situmest

303 864 427 922 mutere
456 858 678 941 propositum,
702 859 899 922 evacuabo'
933 857 1191 934 Providentiam,
1215 877 1288 922 eum
1316 876 1393 938 quse

305 961 365 1025 illu
378 960 570 1046 praenoscit,
592 960 675 1024 forte
692 966 872 1024 mutavero.
915 958 1151 1041 Respondebo,
1177 960 1394 1042 Propositum

305 1069 339 1123 te
354 1059 489 1143 quidem
504 1067 598 1124 tuum
613 1079 714 1144 posse
730 1059 918 1136 deflectere,
930 1060 990 1123 sed
1003 1061 1160 1143 quoniam
1175 1066 1209 1124 et
1221 1060 1257 1124 id
1271 1068 1304 1125 te
1317 1077 1395 1142 pos·

306 1181 357 1238 se,
368 1167 402 1225 et
417 1180 460 1224 en
474 1160 592 1237 iacias,
612 1181 720 1244 quove
739 1169 925 1238 convertus,
940 1180 1087 1244 praesens
1101 1160 1326 1225 Providentiae
1339 1179 1397 1225 ve·

305 1262 385 1326 ritas
399 1255 553 1338 intuetur,
568 1261 716 1326 divinam
730 1269 763 1326 te
778 1259 1046 1342 praescientiam⁶
1068 1279 1136 1324 nun
1152 1280 1253 1342 posse
1272 1262 1396 1341 vitare3

307 1362 405 1427 sicuti
419 1363 595 1444 praesentis
611 1363 702 1426 oculi
715 1360 857 1442 effugere
876 1379 942 1423 non
962 1361 1076 1441 possis
1091 1361 1261 1439 intuitum,
1281 1380 1398 1444 quum·

306 1465 359 1528 vis
373 1471 408 1528 te
424 1465 458 1527 in
471 1466 583 1529 varius
595 1463 742 1526 actiones
757 1462 865 1525 libera
874 1462 1043 1524 voluntate
1059 1461 1272 1525 converteris.
1304 1461 1398 1539 Quid

306 1565 430 1646 igiturt
461 1565 605 1647 inquieS,
633 1581 678 1626 ex
702 1571 840 1626 meane⁷
870 1562 1091 1645 dispositione
1115 1561 1258 1627 scientia
1281 1563 1398 1627 divina

307 1664 509 1744 mutabitur3
531 1671 567 1728 ut
591 1683 668 1727 cum
693 1682 755 1746 ego
780 1682 869 1726 nunc
883 1662 960 1740 hoc,
979 1682 1069 1726 nuuc
1092 1662 1174 1727 illud
1190 1663 1312 1742 velim,⁸
1339 1664 1398 1727 illa

309 1784 440 1850 quoque
454 1763 616 1830 noscendi
631 1765 723 1827 vices
740 1764 899 1827 alternare
916 1761 1091 1828 videaturt
1116 1764 1265 1829 Minime.
1292 1765 1398 1829 Omne

307 1885 449 1948 namque
464 1867 608 1931 futurum
631 1865 764 1927 divinus
785 1859 958 1947 praecurrit
972 1864 1124 1940 intuitus,
1140 1872 1170 1929 et
1186 1864 1230 1928 ad
1250 1883 1399 1948 praeseu·

308 1967 392 2030 tiam
407 1969 551 2049 proprius
566 1966 765 2047 cognitionis
780 1971 956 2046 retorquet,
971 1985 1010 2028 ac
1024 1971 1204 2029 revocatz⁹
1223 1985 1286 2030 nec
1301 1967 1399 2030 ulter·

308 2073 377 2145 net,
391 2074 429 2130 ut
443 2073 479 2131 tu
494 2067 680 2143 existimus,
706 2085 792 2129 nunc
808 2064 883 2142 hoc,
908 2085 995 2129 nune
1010 2066 1094 2129 illud
1109 2067 1336 2149 praenoscendi
1350 2067 1400 2129 vi·

310 2186 387 2231 ces:
411 2167 470 2230 sed
483 2187 550 2231 uno
563 2168 631 2231 ictu
646 2167 845 2230 mutationes
867 2173 943 2230 tuas
957 2186 1091 2230 manens
1113 2169 1283 2248 proeveuit,
1298 2174 1399 2249 etque

310 2267 548 2350 complectitur.
593 2266 704 2345 Quam
734 2267 1035 2349 comprehendendi
1060 2270 1183 2345 omniu,
1206 2267 1400 2350 visendique

309 2369 531 2452 praesentiam,
554 2387 622 2433 non
645 2388 690 2432 ex
714 2367 898 2432 futurarum
922 2374 1103 2450 proventu'
1122 2389 1242 2447 rerum,
1270 2370 1402 2434 seder

310 2471 447 2553 propria
462 2471 557 2535 Deus
572 2469 787 2553 simplicitate
810 2470 948 2533 sortitus
962 2475 1026 2535 est.
1069 2470 1125 2533 Ex
1139 2491 1207 2554 quo
1221 2471 1304 2535 illud
1318 2490 1401 2553 qno·

311 2589 375 2653 que
395 2571 572 2634 resolvitur
587 2568 678 2652 quod
700 2568 805 2651 paulo
822 2571 1068 2652 anteposuisti,
1089 2571 1257 2652 indignum
1280 2591 1359 2661 esse
1373 2573 1403 2636 si

311 2669 461 2736 scientius
479 2670 541 2733 Dei
556 2687 691 2732 censam
704 2669 816 2732 futuru
830 2676 945 2750 nostru
958 2678 1119 2753 praestare
1130 2672 1291 2736 dicantur.
1316 2672 1402 2736 Haec

312 2769 401 2831 enim
419 2770 569 2833 scientiae
584 2768 635 2832 vis
647 2776 673 2806 ¹⁰
695 2770 915 2851 praescnturiu
937 2770 1071 2834 notione
1094 2777 1214 2836 cuncte
1234 2773 1402 2855 complec-

312 2874 424 2947 tens,¹¹
447 2870 548 2932 rebus
571 2868 725 2932 omnibus
748 2867 883 2931 modum
909 2869 986 2952 ipsu
1007 2870 1191 2948 constituit,
1217 2870 1299 2934 nihil
1321 2887 1402 2936 vero

312 2971 553 3052 posterioribus
568 2970 689 3034 debet!
700 2976 726 3007 ¹²
770 2968 859 3047 Ques
874 2988 952 3033 cum
965 2973 1014 3036 itu
1027 2973 1105 3050 sint,
1130 2979 1242 3037 menet
1264 2973 1403 3037 interne·

344 3156 356 3180 '
372 3150 508 3199 Dertruum.
570 3151 698 3200 Ἐνιπέα.
761 3149 873 3211 ’Βόπί
884 3157 1010 3216 ποιμα.

772 3276 951 3298 ‘nonnum

313 3358 408 3406 rut.—ti
423 3355 785 3419 Thusn.re011ndus,ettteg.
805 3353 910 3405 dicim
927 3363 951 3406 te
965 3357 1169 3418 promtiore-t
1191 3357 1255 3414 Quid
1266 3358 1353 3420 igttm
1368 3357 1406 3405 irr-

315 3419 398 3484 quiue?
416 3421 456 3469 Ee
472 3434 552 3468 meane
575 3422 667 3482 Detptr.
682 3419 816 3469 naeu-s
833 3421 949 3485 Uterque
960 3421 1058 3469 tinen.
1069 3421 1175 3470 etVict.
1187 3422 1327 3472 secundus:
1344 3435 1407 3470 sure

315 3487 379 3533 aliud
388 3485 515 3532 setin-9
531 3487 538 3512 ‘
552 3485 627 3533 Omne
637 3498 734 3546 namque
743 3483 856 3543 futurum
867 3486 960 3533 diuisus
967 3486 1092 3546 procum
1102 3485 1212 3547 intuitus,
1228 3491 1252 3536 et
1262 3488 1294 3534 cd
1302 3499 1406 3549 prum·

316 3550 375 3598 tium
383 3547 486 3609 proprie
497 3549 643 3606 eognutonr's
658 3553 775 3610 retorquet
793 3565 821 3596 uc
835 3549 940 3611 rmocut]
973 3548 1060 3598 Aurea
1074 3551 1214 3613 sententis,
1231 3551 1276 3599 sed
1297 3550 1407 3598 titerutoe

316 3613 380 3658 vitio
392 3609 458 3657 foede
467 3606 626 3658 deformare:
644 3612 781 3659 reformavi
792 3625 826 3659 ex
838 3613 942 3675 scriptis
959 3612 985 3658 iu
996 3613 1072 3661 atium
1083 3614 1218 3664 habitum:
1232 3613 1336 3679 propria
1352 3627 1407 3674 cog·

315 3673 421 3721 uitiosis.
455 3672 485 3720 Id
499 3687 562 3720 rneae
574 3672 635 3721 fidei
646 3673 723 3722 erede
736 3675 955 3737 germanissimum
967 3688 1035 3737 esse,
1050 3683 1078 3724 et
1089 3678 1158 3726 suive
1169 3679 1284 3741 quisquis
1299 3692 1327 3727 es
1345 3679 1408 3726 nee·

317 3735 375 3785 tor!
392 3737 507 3784 Bernart.
525 3736 576 3784 Ms.
588 3737 713 3784 Ritterrtr.
723 3738 864 3798 cognitionis
882 3744 1015 3800 retorquent
1034 3754 1063 3786 cc
1080 3744 1244 3789 reuocet—lt)
1259 3743 1357 3788 Thoan.
1367 3754 1407 3789 se·

317 3800 432 3850 enudus:
449 3799 547 3848 seientia
557 3798 680 3858 otuu-ti
699 3799 766 3863 Reg.
777 3806 861 3850 cuncto
866 3803 1012 3864 prospiciens
1021 3804 1058 3850 oet
1068 3807 1294 3867 complectere—12
1310 3803 1410 3852 i'huuu.

811 3946 919 3996 NOTAE

318 4071 387 4119 rens,
395 4057 449 4107 sive
460 4058 555 4122 futuru,
563 4066 604 4108 est
612 4072 689 4110 crrrru
695 4058 789 4109 divium
797 4074 844 4110 seu
884 4057 1002 4120 sentium,
1015 4073 1066 4108 nun
1078 4072 1111 4106 ex
1127 4055 1271 4105 triturarum
1282 4063 1409 4120 proventu

319 4133 441 4194 notionis,
448 4147 494 4182 sen
503 4135 668 4196 praenotionis
678 4137 767 4185 rnem‘
776 4151 844 4186 conr·
883 4146 978 4193 rerum,
989 4132 1036 4182 sed
1046 4146 1080 4181 ex
1088 4131 1190 4195 propriu
1206 4130 1276 4178 Dens
1288 4132 1408 4194 simplici·

316 4206 493 4269 pretendendi
511 4210 596 4260 omnir
614 4210 764 4277 visendique
779 4225 845 4275 pr:-
885 4216 941 4258 tete
953 4208 1058 4260 sortitor
1069 4205 1173 4265 ertz'nt
1183 4220 1253 4255 nnuc
1264 4206 1366 4259 dieitur.
