3184 4959
324 442 391 507 tuo
673 454 827 505 aorrsrrr
852 458 900 505 nn
923 456 1077 505 corsos.

326 604 413 667 'rinae
429 600 549 665 mentis
564 600 735 684 proprium
750 618 825 665 esse
839 600 1048 665 manifestum
1060 606 1128 665 est.
1153 598 1274 683 Neque
1291 592 1415 665 Deua-⁸

327 702 474 767 conditis
487 704 589 767 rebus
602 702 770 785 antiquior
789 702 898 766 uideri
920 700 1022 765 ¹debet
1045 701 1203 783 temporis
1218 702 1418 784 quantitate,

327 803 386 866 sed
403 802 568 885 simplicis
580 803 694 884 potius
707 802 912 885 proprietate
927 807 1065 865 naturae.
1109 801 1212 865 Hunc
1232 802 1322 865 enim
1335 804 1417 867 viter

328 904 508 969 immobilis
522 904 772 987 presentatum
786 908 932 966 statum·
953 900 1100 965 infinitus
1113 901 1169 965 ille
1183 902 1418 983 temporalium

327 1024 435 1071 rerum
447 1010 558 1069 motus
572 1006 738 1068 imitatur:
749 1022 893 1086 cumque
908 1020 982 1067 cum
993 1000 1159 1083 effingere,
1173 1010 1275 1085 atque
1285 1020 1419 1085 aequore

328 1126 394 1171 nou
409 1106 530 1188 possit,
553 1123 597 1167 ex
611 1103 841 1167 immobilitate
854 1101 969 1166 deficit
982 1102 1193 1179 immotum,¹²
1217 1111 1252 1168 et
1274 1123 1320 1167 ex
1340 1104 1420 1167 sim·

330 1207 481 1290 plicitate
495 1206 684 1289 praesentiae
699 1204 863 1269 decrescit
886 1204 920 1274 iu
937 1202 1101 1267 inlinitum
1125 1202 1227 1269 futuri
1241 1224 1282 1267 ac
1297 1210 1420 1287 praete·

328 1306 384 1371 riti
397 1306 632 1389 quantitatem
654 1311 699 1382 et,
725 1324 803 1371 cum
827 1310 929 1368 totam
945 1306 1068 1385 puriter
1091 1306 1170 1368 vitae
1193 1323 1263 1369 suae
1278 1305 1420 1387 plenitu-

330 1405 440 1471 dinem
453 1412 599 1489 nequeat
612 1407 799 1489 possidere,
821 1406 884 1471 hoo
898 1406 974 1487 ipso
989 1405 1079 1488 quod
1094 1406 1210 1487 aliquo
1222 1405 1323 1469 modu
1335 1424 1420 1469 uun·

329 1526 431 1591 quarn
440 1526 517 1571 esse
527 1506 660 1584 desiuit,
680 1508 763 1572 illud
778 1507 870 1591 quod
884 1508 1022 1591 implero
1037 1514 1139 1589 atque
1155 1508 1340 1589 exprimere
1351 1524 1422 1569 nou

329 1615 457 1691 potest,
467 1608 678 1691 aliquatenus
690 1608 824 1673 videtur
836 1609 997 1685 temulari,
1012 1607 1152 1690 alligans
1165 1628 1201 1672 se
1215 1607 1256 1671 ad
1273 1608 1423 1690 qualem·

330 1726 476 1792 cumque
498 1708 713 1790 praesentiam
740 1710 842 1793 hujus
867 1709 982 1792 exigui
1005 1710 1219 1792 volucrisque
1243 1708 1421 1774 momenti:

331 1828 421 1893 qum,
445 1810 602 1892 quonium
627 1811 790 1875 manentis
813 1811 903 1875 illius
925 1809 1109 1893 praesentice
1122 1808 1289 1893 quandam
1315 1815 1424 1891 gestat

330 1909 544 1991 imagine-,¹³
567 1911 835 1992 quibuscumque
856 1911 1042 1993 eontigerit,
1062 1910 1097 1975 id
1117 1917 1268 1992 praestat,
1289 1917 1325 1974 ut
1345 1929 1423 1975 esse

331 2010 517 2075 videantur.
570 2009 737 2088 Quoniam
765 2032 846 2076 vero
868 2031 999 2075 manere
1021 2031 1089 2075 non
1115 2013 1234 2095 potuit,
1256 2011 1425 2076 infinitum

333 2111 495 2193 temporis
509 2111 570 2174 iter
583 2112 739 2194 arripuit:
762 2130 868 2194 eoque
883 2111 980 2175 modo
995 2112 1118 2177 iccium
1133 2118 1237 2177 estut
1251 2112 1424 2177 continuu-

333 2218 383 2275 ret
396 2212 506 2276 eundo
519 2213 636 2290 uitam,
659 2212 758 2297 cujus
771 2210 1011 2294 plenitudinem
1030 2212 1213 2295 complecti
1235 2232 1303 2276 non
1316 2211 1426 2277 valuit

334 2314 575 2395 permanendo.
619 2313 740 2396 Itaque
754 2314 786 2376 si
808 2311 907 2394 digna
931 2314 1032 2376 rebus
1054 2313 1192 2377 nomina
1208 2313 1426 2377 velimusim·

335 2429 470 2495 ponere,
485 2415 660 2479 Platonem
671 2422 860 2498 sequentes,
876 2414 982 2477 Deum
997 2413 1133 2495 quidem
1148 2422 1317 2492 aetemum,
1330 2434 1426 2480 mun-

366 2607 647 2665 ‘Quintianum

791 2716 973 2741 omno

337 2813 449 2863 omnium
460 2822 576 2865 veterum
586 2817 779 2869 codicum-ll
796 2822 881 2884 Neque
898 2824 959 2869 erim
976 2822 1044 2870 Deus
1062 2819 1159 2882 Delph.
1172 2819 1322 2869 flach-ra
1340 2819 1430 2885 Dficit

335 2878 364 2927 ia
374 2884 461 2928 ιιιοιιιιιι
471 2880 531 2929 edd.
542 2880 712 2932 eadem-rs
729 2884 737 2912 ‘
749 2884 819 2933 Illius
830 2886 964 2948 prasentia
974 2887 1089 2948 quandum
1103 2889 1181 2944 gestet
1197 2884 1334 2945 imaginem]
1352 2886 1430 2933 Levi-

337 2943 423 2993 oulum
434 2950 484 3007 est,
500 2944 546 2995 sed
557 2946 634 3010 louge
644 2948 735 2998 melius
752 2949 821 3012 quod
840 2950 866 2997 in
885 2950 1015 3000 veteribus
1031 2952 1126 3009 gestat.-
1142 2945 1275 3011 flagitante
1295 2950 1432 2998 sententis

829 3089 935 3140 NorAE

337 3201 411 3254 dunt.
442 3204 549 3255 Dicitur
566 3212 592 3256 4.
614 3206 623 3234 ‘
640 3207 835 3257 interminabilis
845 3208 861 3257 :'
902 3223 969 3258 sam:
989 3210 1015 3258 iu
1028 3223 1079 3272 quo
1090 3210 1220 3258 aeternitas
1232 3208 1334 3260 differet
1345 3211 1431 3263 adhue

337 3277 399 3347 quia
416 3283 548 3332 aeterniter
567 3282 635 3332 illiue
653 3290 695 3333 est
712 3285 784 3346 vitre,
804 3298 862 3347 que
903 3298 918 3330 a
936 3284 1041 3343 mundo,
1053 3282 1074 3331 ei
1092 3283 1143 3345 hic,
1159 3292 1187 3333 ut
1205 3285 1343 3335 somniavit
1359 3286 1432 3336 Aris·

338 3372 423 3422 neque
443 3356 570 3422 principio
585 3372 671 3421 neque
686 3356 738 3407 flue
754 3358 863 3407 circum·
903 3360 1008 3419 toteles,
1030 3373 1063 3406 ex
1084 3367 1182 3408 aeterno
1204 3362 1343 3413 extitisset.
1388 3366 1431 3415 Ex

338 3435 474 3485 scribiturz
501 3434 527 3482 in
547 3449 598 3498 quo
620 3434 699 3483 etiarn
720 3432 810 3483 differt
831 3433 863 3483 ab
903 3434 942 3482 lris
956 3434 1166 3497 purroumnibus,
1178 3435 1307 3501 inquibus
1319 3438 1384 3489 ratio
1395 3454 1432 3489 π-

337 3522 404 3575 arro,
424 3508 493 3571 quod
514 3509 609 3559 dicitur
634 3509 789 3559 diuturnitas
817 3511 865 3571 rei,
904 3511 1035 3561 teruitatis
1051 3512 1147 3560 versari
1163 3512 1259 3563 dicitur
1280 3529 1295 3564 a
1315 3517 1433 3567 Plriloso·

339 3598 398 3647 quae
415 3582 505 3631 habuit
520 3584 623 3646 quidem
641 3586 806 3649 principium,
818 3587 863 3635 sed
906 3586 973 3649 phio,
985 3601 1062 3635 unum
1078 3587 1197 3653 estquod
1212 3590 1302 3639 eudem
1314 3592 1431 3642 Philoso-

337 3671 468 3721 nunquam
478 3656 600 3705 habitura
616 3658 764 3720 estfinern;
780 3661 865 3723 cujus·
906 3660 964 3723 plria
1000 3663 1146 3724 prasertim
1180 3666 1310 3728 explieat3
1338 3682 1431 3732 nempe

339 3732 409 3782 modi
428 3739 469 3781 est
487 3746 561 3782 meus
579 3746 652 3781 mea:
670 3748 753 3782 arvum
769 3736 865 3798 quippe
906 3735 973 3797 quud
985 3738 1019 3783 sit
1029 3738 1037 3763 ‘
1048 3741 1101 3785 tota
1117 3737 1209 3797 simrrl,¹
1221 3740 1307 3803 aitque
1327 3748 1431 3792 ceteras

338 3809 402 3858 illud
415 3808 506 3857 saltem
525 3821 576 3857 uno
586 3808 696 3857 termino
706 3809 865 3860 circumseri·
906 3809 1086 3860 diuturnitates
1096 3813 1215 3863 videlicet
1224 3829 1316 3875 arum,
1326 3822 1354 3864 et
1365 3822 1432 3866 tern-

339 3884 420 3947 bitur,
429 3883 551 3934 videlicet
566 3882 705 3946 principio,
720 3897 753 3932 ex
764 3898 815 3947 qno
826 3884 865 3931 iu·
905 3899 964 3947 pus,
983 3886 1049 3934 hanc
1068 3888 1221 3937 aeternitatis
1236 3889 1432 3957 proprietatem,

340 3960 431 4022 erepit.
462 3959 565 4007 Dicitur
583 3963 608 4007 6.
628 3955 791 4022 ‘perfertur’
808 3959 866 4021 quia
906 3960 990 4022 quoad
1013 3970 1128 4024 possunt,
1147 3962 1255 4022 imitari3
1276 3970 1315 4025 ut,
1335 3965 1356 4013 ei
1378 3981 1431 4017 non

340 4048 399 4085 eum
408 4034 542 4085 aeternitas
553 4035 588 4084 sit
598 4036 691 4085 mentis
702 4035 818 4101 adeoque
829 4037 865 4084 ri·
907 4045 1013 4098 possunt
1035 4035 1138 4097 habere,
1160 4036 1249 4085 saltem
1258 4038 1267 4065 ‘
1277 4038 1371 4091 habere
1393 4043 1432 4091 ri.

339 4116 376 4158 tre
392 4104 516 4172 perlecta
531 4109 632 4172 modus,
644 4110 698 4159 nac
714 4111 790 4159 etiam
809 4125 866 4175 per·
906 4110 1018 4162 deantur
1039 4121 1183 4162 manentem
1206 4112 1274 4163 illum
1294 4119 1432 4179 praeseuti-

341 4181 412 4233 t'eots
432 4184 477 4246 sit,
498 4198 606 4233 neeesse
630 4194 682 4247 art,
703 4187 867 4251 quamobrem
906 4188 965 4236 am’

339 4256 396 4310 ime
405 4258 501 4309 nullam
510 4272 649 4322 agnuscere
663 4260 744 4314 debat
757 4264 796 4313 sui
807 4276 866 4313 oau-
