3184 4959
318 393 383 458 526
670 406 777 454 noun
803 404 1004 453 vanionun
1030 405 1070 452 in

339 549 403 605 'Qui
414 548 525 597 oblectari
543 547 602 597 citio
618 547 745 611 nequeunt]
763 548 848 597 Nemo
887 547 938 609 gia,
948 552 977 595 et
996 545 1133 595 Alcibiade
1149 545 1242 609 primo,
1259 543 1304 593 nbi
1322 544 1419 607 probat

319 632 372 675 tum
385 626 492 675 mucosis
504 625 618 684 naribus,
627 631 656 671 nt
668 625 787 672 mendum
797 636 847 671 nou
887 624 974 684 Plato,
984 624 1068 671 Melos
1076 628 1196 687 potentes
1205 635 1330 670 noneste.
1347 622 1422 670 Prae·

319 700 501 765 pereentiecat.
528 706 626 763 quianto
649 700 739 748 melius
764 705 793 748 ut
815 712 848 746 ex
884 707 955 749 sture
980 700 1036 764 peti
1060 716 1135 763 quiam
1163 698 1260 749 interro
1287 700 1420 762 injurium.

319 774 424 838 scriptio
442 775 565 839 reposui?
581 774 622 838 qui
642 774 766 823 obluctari.
800 774 849 823 eo·
881 776 974 829 Bonos
986 783 1014 825 et
1025 777 1156 839 sapientes
1167 775 1234 824 solos
1245 776 1420 825 essefelices:

318 852 380 901 lum.
397 851 463 901 libro
484 864 535 899 vn.
569 851 671 900 ‘Quum
690 850 716 897 iu
735 849 849 914 proscin·
886 853 965 902 malou
977 868 1039 902 vero
1050 852 1177 903 infelices.
1210 853 1420 917 lnjrrriaminfe·

319 927 413 989 dendo,
427 934 473 977 ont
484 926 579 975 duriori
591 926 645 973 solo
658 932 703 973 erit
714 924 798 973 obviae
810 938 850 972 ra·
885 937 997 992 rentem,
1018 930 1155 979 miserum:
1182 931 1227 979 red
1248 931 1420 991 miseriorem,

319 1003 370 1053 dici
378 1003 535 1065 obluctetur,
543 1001 666 1051 convellit
675 1000 776 1049 armos!
788 1000 850 1048 Ber·
886 1006 908 1054 ai
923 1021 1060 1071 numquam
1072 1022 1161 1070 pamas
1172 1008 1234 1057 luat,
1267 1006 1337 1055 Hinc
1349 1008 1419 1053 enim

305 1084 383 1128 uiuri.
885 1084 1016 1141 rationum
1043 1097 1144 1132 silurum
1174 1090 1304 1131 momenta
1329 1082 1419 1131 hausit

353 1156 467 1205 Orrlirrm
477 1154 564 1203 retinet
575 1158 698 1217 ruentque
718 1150 849 1214 Naturam]
887 1167 979 1209 auctor
989 1166 1087 1210 noster,
1126 1161 1221 1208 Censet
1244 1173 1347 1223 quoque
1358 1158 1419 1207 Λή.

234 1288 238 1292 ,
318 1232 438 1282 Socrates
458 1237 485 1279 et
495 1230 578 1280 Stoici
591 1230 711 1278 virtutem
722 1244 754 1277 ex
768 1230 851 1282 Natu
886 1236 1050 1285 stotelerlib.
1071 1250 1099 1286 v.
1116 1234 1149 1284 de
1160 1235 1288 1293 Moribus,
1298 1234 1418 1283 (leterius

319 1307 481 1357 indicebant
493 1298 561 1368 etde,
573 1321 629 1371 qllae
643 1320 747 1368 pl'ol'dlls
759 1304 849 1353 abhor·
885 1312 978 1375 injuria
1002 1310 1107 1361 afficere
1132 1326 1208 1375 qnam
1238 1308 1325 1362 affici:
1354 1312 1419 1375 quia

319 1383 500 1435 reretavitiie
515 1398 521 1430 ι
537 1381 849 1447 quoruminsententiam
887 1387 1001 1448 afficere,
1024 1387 1086 1449 μετὰ
1112 1387 1193 1437 κακίας
1216 1386 1255 1434 καὶ
1276 1385 1419 1451 φεκτὸνῆμ,

319 1467 377 1512 toto
389 1462 473 1511 auimo
485 1460 541 1510 abit
557 1461 590 1508 B·
610 1459 748 1522 Augustis.
760 1457 849 1508 lib.11.
885 1465 960 1513 ‘cum
969 1464 1034 1514 vitio
1043 1466 1112 1513 uitet
1120 1462 1337 1526 vituperandum!
1347 1462 1418 1512 effici

318 1538 353 1587 rle
371 1538 427 1589 Cir.
448 1539 508 1599 Dei,
526 1552 584 1601 cap.
597 1540 637 1585 lt.
649 1536 686 1584 ita
702 1534 847 1599 loquendo:
888 1554 949 1589 vero
965 1538 1020 1589 ἄνευ
1029 1540 1112 1589 rarior
1127 1538 1166 1588 rol
1181 1536 1279 1598 turim,
1295 1537 1367 1586 ‘eine
1378 1538 1418 1586 ri·

315 1614 433 1663 ‘Vitium
446 1619 537 1662 contra
555 1618 674 1661 naturam
692 1617 740 1673 ert,
755 1617 849 1661 utnon
886 1618 924 1667 tio
935 1625 963 1667 et
974 1615 1118 1682 injustitia:
1138 1616 1225 1665 Vallis,

319 1690 412 1755 poerit,
433 1690 483 1739 nisi
511 1703 606 1738 nocere
627 1687 746 1738 natnrae.²
779 1686 849 1735 Vide
919 1693 1023 1743 Faciunt
1041 1694 1105 1742 enim
1123 1690 1242 1755 qnalibet,
1257 1690 1313 1737 dum
1323 1689 1417 1752 peren]

317 1766 414 1817 ibidem
436 1766 648 1815 Lndoullivem.
666 1764 753 1813 Multa
769 1764 848 1812 etiarn
885 1770 949 1819 Mas,
962 1774 990 1817 et
1008 1767 1079 1817 Edit.
1098 1764 1216 1815 Norimb.
1237 1764 1338 1814 Faciunt
1352 1768 1416 1813 esim

317 1844 345 1894 iu
361 1843 471 1894 eandem
488 1842 642 1892 senteutiam
651 1848 711 1891 sunt
729 1839 799 1905 apud
811 1840 848 1889 D.
884 1860 937 1909 pure
946 1844 1012 1907 libet,
1023 1846 1063 1906 tpo.
1096 1843 1128 1892 In
1139 1842 1249 1891 eundem
1260 1848 1346 1890 antem
1357 1855 1417 1889 sen·

319 1919 848 1984 chrysostomnm‚exquohoecmutuutus
884 1937 939 1970 snm
958 1922 1092 1971 Salvianus
1112 1919 1156 1968 lib.
1176 1933 1196 1969 1.
1214 1917 1247 1966 de
1260 1916 1331 1966 Gub.
1344 1917 1417 1966 Dei:

318 2003 357 2046 ert
368 1994 647 2044 disertissimueVivee.
683 1992 766 2043 Quium
783 1993 848 2042 scite
884 1997 1006 2045 ‘Soleunt
1026 1994 1142 2059 quamvis
1159 2006 1214 2041 esse
1234 1992 1359 2055 nonnulli,
1371 1993 1417 2056 qni

313 2077 407 2121 *autem
419 2084 449 2119 uo
460 2069 592 2131 sapienter
601 2068 730 2117 Pindarus
740 2068 846 2133 Olymp.
884 2071 969 2134 turpia
986 2077 1063 2135 atque
1076 2070 1197 2118 obscaena
1205 2074 1345 2131 sectantes,
1356 2076 1385 2117 et
1394 2070 1417 2117 si

318 2160 359 2195 rx.
380 2143 411 2193 ol
421 2142 446 2194 rt
465 2146 521 2208 φυᾷ,
532 2142 657 2208 κράτιστον
676 2142 746 2196 ἅπαν.
763 2146 798 2194 Et
810 2145 847 2194 0-
879 2149 959 2212 juxta
980 2147 1128 2209 opinionem
1152 2159 1223 2193 enam
1245 2145 1316 2194 beati
1344 2153 1416 2206 eunt,

316 2224 397 2287 lymp.
421 2237 452 2272 n.
477 2220 564 2284 Σοφδς,
578 2222 591 2269 d
606 2220 687 2271 πολλὰ
705 2221 769 2273 εἰδὼς
789 2224 846 2286 φυᾷ.
884 2222 943 2288 qnia
954 2221 1132 2286 adipiscuntur
1141 2220 1208 2285 quod
1222 2220 1320 2279 volunt,
1336 2234 1365 2269 re
1378 2228 1416 2267 ta·

318 2300 355 2349 Et
366 2299 472 2363 Olymp.
484 2312 549 2348 xiii.
566 2297 676 2360 Ἀμαχον
691 2297 717 2347 δὲ
727 2296 847 2363 κρύψαιτὸ
883 2313 943 2349 men
959 2300 1017 2362 ipsa
1034 2298 1105 2347 beati
1128 2312 1179 2345 non
1194 2296 1334 2359 suntquis
1344 2296 1414 2360 qnod

317 2373 431 2437 rimeris
445 2374 508 2433 dtus.
541 2375 606 2425 Inde
622 2376 655 2425 Q.
674 2376 804 2426 Curulib.
818 2390 847 2425 x.
883 2376 984 2439 volunt,
1004 2376 1073 2425 nolle
1092 2374 1244 2423 debuerant
1288 2372 1415 2435 Religiosi

316 2452 355 2501 lta
372 2452 462 2501 scribit
481 2451 514 2500 de
534 2450 697 2501 Alexandro:
715 2452 846 2501 ‘Hercule
883 2460 970 2502 alitem
992 2454 1041 2501 boc
1062 2451 1162 2500 cunctis
1192 2448 1321 2498 beatiores
1344 2457 1414 2510 enm,

312 2527 386 2592 juste
416 2528 603 2577 estimantibus
627 2528 733 2590 Regem,
755 2528 846 2592 liquet,
882 2526 1416 2593 qniaetbubent,qnaevolnnt,etmelioru

317 2603 386 2653 bona
397 2611 496 2652 naturae
507 2601 657 2666 ejulatuum,
666 2603 730 2652 vitia
742 2604 782 2651 vel
793 2601 845 2651 for·
882 2620 957 2669 quiam
968 2620 1025 2668 quae
1035 2603 1141 2666 babent,
1149 2600 1414 2651 omninolraberenou

316 2686 386 2728 tunm
398 2679 438 2727 vel
451 2677 555 2728 aetatis?
571 2678 656 2727 Silam.
883 2679 1012 2744 possunt!
1026 2680 1112 2729 Situm.

352 2755 480 2816 Verumque
497 2753 563 2802 illam
575 2754 742 2803 Platonisnec
752 2759 845 2804 teutm-
914 2758 1006 2806 Munn-
1023 2762 1047 2805 2.
1065 2759 1129 2813 Quor
1146 2756 1220 2811 vider,
1244 2755 1295 2818 aa]
1311 2754 1413 2803 Multos

316 2830 374 2879 tium
385 2830 475 2893 liquem
495 2830 573 2890 Solos,
584 2830 845 2893 quodderiderent,fo·
881 2833 994 2883 incertos
1014 2841 1116 2882 certare
1134 2834 1201 2881 hanc
1223 2847 1276 2881 rem
1295 2832 1417 2891 vidimus,

315 2922 368 2958 cere
395 2922 462 2972 posse
484 2908 619 2971 cupienter:
644 2907 760 2971 improbos
788 2922 845 2956 uero
883 2911 952 2960 sitne
964 2910 1122 2973 privatorum
1130 2909 1259 2957 bominum
1270 2906 1356 2970 potius
1369 2919 1415 2953 ex·

315 2998 425 3033 exercere
435 2983 527 3046 quidem
538 2985 598 3047 quod
613 2984 686 3033 libent
693 3000 703 3042 ,·
719 2986 780 3046 quod
791 2999 845 3034 uero
882 2986 1149 3050 petenduvita,quam
1158 2990 1333 3047 tyrannorum.
1343 2981 1414 3029 Nam

315 3062 457 3124 deriderent,
474 3064 567 3125 explere
576 3076 622 3109 non
631 3060 708 3123 poete]
726 3062 765 3109 Ex
777 3062 846 3111 Gor·
882 3076 940 3111 cnm
952 3061 1093 3123 dignitates
1105 3074 1192 3109 eornm
1202 3066 1228 3107 et
1244 3073 1315 3120 opes,
1326 3064 1353 3105 et
1365 3057 1415 3105 im·

314 3137 357 3199 gia
375 3136 492 3185 Platonis
513 3143 651 3198 sumptum,
670 3136 712 3185 ubi
723 3136 845 3185 Socrates
882 3138 955 3200 peria
969 3136 1113 3195 intuentur,
1124 3149 1212 3183 omnes
1224 3148 1268 3182 eoe
1278 3134 1336 3182 Diis
1344 3133 1415 3182 adue⁴

314 3210 348 3259 ud
360 3211 466 3260 Polum:
483 3208 590 3259 ‘Asuero
605 3210 758 3275 equidem,o
770 3211 845 3269 Pole,
883 3214 1000 3277 quuudos
1010 3226 1067 3262 esee
1078 3220 1197 3271 censent,
1206 3213 1248 3275 qui
1266 3211 1313 3259 ooli
1325 3224 1413 3258 rernm

314 3291 366 3336 tum
387 3289 506 3334 rhetores
526 3300 601 3347 quum
624 3295 746 3349 tyrannos
769 3288 844 3335 mini·
882 3291 1025 3355 potiuntur.
1059 3290 1123 3337 Cum
1141 3288 1413 3350 rerotimoresetpe·

313 3375 381 3411 mam
389 3360 416 3409 in
427 3360 575 3411 civitatibus
586 3361 681 3410 babere
691 3363 845 3426 potentiam,
882 3368 1001 3416 riculoeae
1021 3366 1123 3429 plenum
1143 3379 1207 3427 opus
1219 3365 1282 3411 alaae
1294 3364 1414 3411 conside.

313 3436 527 3501 quemadmodum
546 3439 622 3501 paulo
639 3446 699 3488 unte
710 3439 843 3489 dicebam:
882 3440 1414 3505 rant,rirreurquorismodovitamtruuo-

314 3513 377 3561 nibil
390 3514 458 3561 enim
476 3512 520 3576 (nt
530 3513 569 3562 ita
580 3512 701 3577 dixerim)
711 3513 799 3563 facere
810 3530 844 3564 ex
881 3520 953 3581 igere
972 3516 1065 3565 melius
1085 3531 1141 3563 esse
1152 3515 1313 3577 existimant,
1333 3531 1411 3578 qnam

311 3590 351 3638 bia
369 3606 429 3655 qun
449 3591 548 3651 volunt,
565 3589 651 3640 facere
669 3597 755 3639 tamen
774 3592 843 3655 quod
880 3594 906 3642 in
913 3593 1059 3657 hujusmodi
1069 3590 1257 3641 calamitatibus
1266 3593 1307 3639 rel
1316 3592 1413 3639 anrisso

311 3665 360 3713 sibi
379 3663 545 3728 opinantibus
562 3665 686 3727 optimum
706 3665 843 3715 videatur!
879 3686 961 3731 regno
971 3670 1105 3719 dominari.
1138 3668 1220 3730 quue
1231 3668 1412 3730 etiamqnovie

311 3739 448 3789 Illustrans
469 3738 620 3801 Philosophi
639 3739 735 3789 dictum
748 3742 842 3789 eximie
880 3745 1411 3810 lumineelariuselucetexoeq.Carmine.

312 3815 842 3882 subjicitssotuus:‘Facinutenimqnae.
880 3823 955 3873 Mem,

310 3894 387 3955 libet,
398 3894 460 3943 dum
471 3907 520 3957 per
528 3892 660 3956 eaqnibus
667 3892 841 3956 delectantur,
911 3897 974 3946 Solii
994 3896 1104 3958 mimine]
1119 3897 1212 3945 Senec.
1230 3896 1255 3944 in
1265 3895 1359 3945 Troud.
1373 3912 1410 3945 vs.

310 3970 337 4018 id
351 3970 444 4020 bonurn
461 3968 531 4035 quod
551 3968 708 4030 desiderunt,
723 3982 749 4017 se
761 3968 840 4034 adep·
878 3977 936 4023 886.
952 3973 1022 4021 ‘Hic
1045 3972 1152 4021 forsitan
1173 3980 1200 4020 te
1218 3986 1292 4021 casus
1304 3972 1410 4021 excelso

311 4051 383 4095 turos
394 4054 504 4110 putant;
523 4046 569 4095 aed
581 4045 684 4094 minime
694 4044 841 4109 adipiscun·
879 4049 958 4111 nmgis
966 4046 1035 4097 Solio
1047 4044 1175 4109 reponet.'
1209 4046 1240 4094 In
1252 4046 1357 4108 Thyeot.
1370 4061 1409 4095 rc.

312 4122 538 4186 tur,qnonia1nad
551 4120 841 4184 beatitudinemprobru
877 4128 934 4174 890.
955 4124 1033 4172 ‘Stet
1052 4123 1198 4186 quicunque
1219 4121 1290 4169 volet
1313 4128 1409 4184 potens

311 4210 362 4245 uon
374 4196 496 4245 veniunt!
513 4198 628 4245 Bernart.
877 4199 951 4249 Aule
964 4199 1075 4250 culmine
1087 4194 1205 4246 lubrico’
1224 4196 1298 4248 luas.

344 4272 415 4321 Illum
431 4272 541 4321 Plotorrir
559 4271 712 4335 sententium]
731 4273 765 4323 ln
774 4274 838 4323 Gor·
908 4274 1021 4338 Purpura
1039 4276 1115 4324 cloror
1133 4272 1235 4335 nitente]
1262 4271 1356 4324 Senec.
1380 4272 1408 4322 in
