3184 4959
326 434 478 482 rossan
504 434 552 482 os
576 434 730 483 cousus.
755 434 975 485 sntuosorn.
1000 436 1073 485 nto.
1096 440 1120 486 1.
1208 424 1274 489 437

171 575 248 639 sophi
261 574 410 625 civitatibus
428 575 602 636 dominentur,
618 577 661 624 vel
679 576 706 625 hi
745 577 835 627 valens
854 580 997 629 sententias
1018 580 1062 643 qui
1091 586 1144 629 tunt
1170 579 1273 629 (lemnus

172 654 216 717 qui
227 667 297 701 nuuo
307 666 383 714 reges
394 660 567 715 potentesque
576 653 706 713 dicuutur,
744 653 849 703 beatum
859 658 1076 705 tensarumorhem
1084 654 1199 705 futurum
1209 670 1274 719 pra·

171 728 287 790 legitime
297 727 508 793 sufficienterque
524 729 705 793 philosopheo·
743 730 852 793 dicavit,
867 745 926 779 euos
941 740 987 781 aut
1005 732 1134 795 sapientes
1153 749 1272 798 regnare,

173 812 224 864 tor,
249 803 277 851 in
296 803 419 867 idemque
438 804 521 854 civilis
540 806 659 868 potentia
677 811 706 855 et
742 812 789 855 aot
801 820 876 869 reges
887 822 979 869 sapere
990 809 1145 871 osepissent'
1171 812 1272 861 Etcum

170 882 336 945 philosophia
346 889 512 943 concurrant,
527 896 611 946 neque
621 881 705 947 (quod
742 881 851 931 Valerio
870 882 1028 932 Prudentius
1047 892 1139 934 eontra
1157 885 1273 950 Symma-

170 972 240 1006 nuuo
250 956 294 1018 nt)
310 956 575 1008 sdisersisduoheo
589 964 705 1007 tracten·
743 956 834 1005 classus:
858 958 1006 1007 ‘Nimirum
1034 959 1141 1022 pulchre
1168 962 1273 1024 qnidam

171 1040 215 1083 tus
233 1033 360 1096 iugeuiis;
376 1046 429 1081 nou
452 1032 503 1081 erit
523 1032 635 1095 civitati,
654 1033 706 1094 vel,
741 1031 924 1083 doctissimus:
942 1035 1019 1083 Esset
1037 1034 1149 1085 Publica
1169 1050 1221 1098 res,
1235 1036 1273 1086 in·

171 1116 200 1157 ut
216 1107 340 1157 masters
354 1108 451 1172 opinio,
467 1108 597 1157 hominurn
617 1108 705 1172 generi
741 1109 808 1172 quit,
835 1118 896 1160 tnnc
922 1109 1054 1161 t'ortuoata
1081 1111 1154 1173 satis,
1180 1112 1201 1161 si
1223 1113 1273 1161 Vel

170 1182 275 1248 requies
288 1184 340 1232 nlla
358 1183 501 1232 malorum!
533 1183 661 1247 Idemque
671 1196 704 1232 ex
742 1198 818 1246 reges
836 1192 967 1249 saperent,
984 1188 1024 1236 vel
1043 1194 1183 1250 regnarent
1204 1188 1273 1251 sapi-

169 1258 299 1310 eoret'est
310 1258 433 1309 Alcinous
444 1274 502 1323 cap.
513 1271 607 1309 xxvsr.
632 1259 704 1322 Apu·
741 1260 836 1309 entes!
870 1261 907 1311 As
933 1270 1024 1313 uostro
1043 1264 1137 1315 Boitlo
1165 1278 1274 1314 consen·

170 1336 235 1386 leius
246 1338 292 1385 lih.
305 1335 339 1385 de
350 1337 442 1386 morali
457 1337 572 1400 ejusdem
591 1337 703 1400 philoso·
742 1335 809 1385 tiens
819 1336 904 1387 Julius
922 1339 1083 1401 capitolinus
1101 1340 1127 1388 iu
1141 1340 1178 1389 lll.
1192 1340 1273 1389 Anto·

170 1416 240 1478 phin.
257 1422 286 1463 st
297 1414 386 1466 valer,
398 1414 469 1463 Max.
481 1413 527 1463 lib.
538 1428 588 1463 vn.
609 1428 632 1463 e.
641 1419 666 1463 s.
680 1420 703 1463 1.
740 1409 801 1459 nino
813 1410 980 1475 philosopho,
989 1414 998 1441 ⁴
1007 1413 1144 1465 Sententia
1155 1414 1273 1464 Platonis

168 1490 334 1554 capitolinus
352 1490 378 1539 iu
389 1492 429 1539 Μ.
439 1489 573 1539 Antonino
591 1491 655 1554 phil.
675 1497 703 1540 et
739 1499 843 1549 semper
854 1488 880 1536 in
892 1502 937 1539 ore
948 1489 1015 1539 illins
1026 1488 1093 1561 fuis(
1105 1492 1197 1557 inquit,
1210 1490 1272 1541 ‘flo-

168 1566 328 1614 Pruslentius
339 1570 431 1614 oontra
438 1565 628 1627 Symmachum.
651 1565 703 1613 Sed
740 1575 799 1611 sere
810 1564 938 1627 civitates,
953 1566 973 1613 si
991 1572 1036 1616 aut
1056 1566 1208 1630 Philosophi
1227 1566 1272 1614 ius·

168 1656 225 1690 eam
235 1641 393 1689 seutentiam
401 1640 702 1703 moltisexpooitlluso-
739 1645 872 1699 perorent,
895 1649 940 1689 aut
964 1641 1136 1705 imperatores
1161 1642 1272 1707 philoso-

167 1718 225 1765 nius
237 1716 306 1777 apud
319 1715 450 1765 Stohasuus
462 1730 540 1764 serso.
550 1728 626 1764 xnvs.
645 1717 703 1764 soli·
740 1714 899 1777 phareutur.'
914 1716 1029 1765 Bessum.

167 1790 703 1855 dissimisquerationihusdemoustrat,at
774 1790 887 1851 Eiusdem
908 1791 956 1839 uiri
977 1791 1028 1854 ore]
1047 1792 1158 1855 Dialogo
1178 1806 1218 1840 vt.
1238 1793 1271 1841 de

169 1868 275 1927 tandein
287 1868 380 1915 statuit
393 1865 441 1915 ‘riv
449 1863 553 1922 βασιλέα
562 1864 605 1914 rhr
615 1864 704 1925 ἀγαθὸν
741 1866 807 1928 Rep.
827 1865 916 1916 Vallis.

168 1942 281 1992 mest
291 1940 647 2005 φιλόσοφονέεὰνόγκηςεῐνω.
663 1942 703 1991 rol
773 1943 845 1993 Hono
863 1944 940 2005 kiter
960 1946 1127 1995 moritum
1148 1943 1270 2008 sequutus]

167 2019 209 2068 τόν
228 2036 260 2079 γε
276 2017 417 2081 pithoeus,
433 2017 499 2068 eoois
517 2018 558 2066 eol
578 2018 703 2074 βασιλικὸν
739 2018 817 2070 Quod
831 2019 997 2082 Philosophia
1014 2019 1046 2069 ab
1067 2019 1273 2069 administranda

168 2094 239 2145 sirm:
251 2099 260 2123 ‘
271 2096 365 2146 honum
377 2109 476 2157 regern,
486 2096 574 2143 statim
583 2101 611 2143 et
620 2096 702 2159 philo-
739 2095 841 2157 Repub.
864 2110 914 2144 nou
936 2097 969 2146 sit
989 2097 1082 2153 aliens,
1108 2104 1135 2146 et
1152 2096 1219 2161 quod
1237 2110 1270 2145 ex

168 2173 287 2235 sophum,
307 2185 366 2219 esse
388 2170 551 2220 necessario:
569 2178 597 2220 et
619 2171 701 2234 philo·
739 2172 1019 2237 Philosophisqnidam
1031 2173 1160 2237 Rempnh.
1177 2174 1271 2237 guber·
1363 2236 1368 2247 υ

167 2250 287 2310 sophum,
300 2248 385 2295 auimo
396 2248 482 2295 statim
496 2248 632 2309 proediturn
644 2262 702 2295 esse
738 2247 835 2307 narius,
843 2254 955 2297 testatus·
965 2248 1189 2297 AEliauusVarisr.
1199 2248 1271 2297 illst.

167 2324 259 2387 regio!
302 2323 378 2373 Quod
405 2329 435 2371 et
461 2321 555 2371 deinde
584 2323 702 2371 declarat
737 2322 784 2369 lih.
794 2334 836 2371 sn.
847 2336 904 2386 cap.
916 2327 957 2373 17.
991 2324 1048 2373 Neo
1068 2324 1269 2373 immeritoPlu·

168 2412 272 2463 qnoque
294 2396 385 2447 fusius.
418 2395 474 2446 Aut
491 2397 513 2445 si
534 2398 701 2460 philosophus
738 2398 1106 2463 tarchusilludEpicuriddts
1123 2398 1210 2456 βιόαας
1229 2414 1270 2449 ra·

169 2488 222 2523 uon
243 2479 284 2522 est
300 2472 415 2537 optimus
437 2474 547 2537 quisque
569 2475 701 2537 princepe,
738 2473 947 2525 suessionum.

167 2549 290 2613 ohsidi-
306 2550 351 2607 ris
368 2548 507 2612 timum
524 2547 580 2599 roho
600 2548 703 2611 muas
771 2552 812 2599 Ad
831 2549 1010 2614 magistratum]
1027 2550 1174 2600 Monuimus
1193 2564 1271 2613 surpta

166 2626 247 2687 ael-m
258 2626 356 2690 nuno,
372 2626 429 2675 ἀλλ’
441 2624 515 2687 mis
525 2625 589 2686 tw
598 2628 642 2675 τοῦ
651 2626 702 2690 spl-
738 2626 904 2676 scribendum
924 2627 967 2675 hio
983 2640 1041 2677 esse
1059 2625 1271 2687 Magistsriutsse:

167 2721 218 2766 νου,
233 2703 377 2765 eduensis
392 2699 525 2751 διαθάλπων
539 2704 648 2764 συχναῖς,
662 2701 702 2751 sul
737 2703 845 2767 verique
867 2702 943 2751 simili
965 2708 1007 2751 est
1025 2716 1067 2763 es,
1084 2716 1143 2765 quae
1162 2700 1270 2750 Boiitius

166 2782 237 2841 spir
251 2780 335 2829 οὔκουν
349 2778 479 2841 inoxium
489 2777 633 2840 peruulsis,
645 2777 702 2827 ltel-
738 2780 865 2841 preclare
876 2792 891 2827 a
901 2776 1009 2827 sessola
1020 2792 1080 2827 mox
1097 2784 1227 2841 recenset,
1243 2778 1269 2826 in

166 2855 354 2906 miowhrrsl
368 2854 512 2919 φιλυσοφίυ
526 2852 703 2918 omasum
737 2868 770 2904 ea
800 2854 925 2923 dignitate
961 2854 1132 2903 constitutum
1169 2852 1270 2902 lesisse.

167 2932 397 2997 ὖςμέγατιχρῆμα
412 2931 515 2992 οἰόμενον
530 2931 570 2979 sal
585 2930 703 2979 πλείων
738 2931 832 2994 Neque
853 2932 921 2979 euim
941 2936 1062 2992 tanquam
1087 2934 1192 2977 senator
1220 2928 1270 2978 ista

164 3008 300 3070 πμόμενον,
322 3008 361 3058 rol
384 3007 501 3069 σοφιστὴν
525 3004 701 3067 &multem
738 3008 837 3068 Romus,
853 3006 898 3054 sed
912 3006 1043 3054 Ravenna
1056 3004 1082 3051 iu
1097 3004 1154 3052 aula
1172 3002 1268 3066 prinoi-

163 3083 353 3147 καλλιῤῥήμονα,
369 3084 408 3132 rui
426 3082 481 3132 τοὺς
497 3085 641 3144 soporpsiisis
660 3082 701 3132 tlu-
737 3083 777 3144 pis
789 3082 855 3143 egit:
874 3079 941 3145 quod
953 3094 1030 3128 nesno
1041 3088 1083 3128 eat
1094 3079 1139 3142 qui
1150 3092 1201 3128 uon
1217 3087 1268 3127 sta·

164 3158 277 3224 lpassepl
286 3157 402 3206 rusletha
407 3155 472 3218 plna
482 3155 615 3216 τιθέμενυνι
626 3161 699 3206 ‘eru-
737 3158 783 3208 tiso
794 3158 878 3205 rideat
891 3170 921 3205 as
932 3155 1044 3219 judicet.
1064 3154 1154 3205 Vallia.

165 3238 235 3287 ditos
244 3250 297 3284 non
305 3231 608 3297 proculapurpura,sed
616 3246 699 3296 prope
769 3232 936 3297 Conigastum]
962 3232 1015 3281 Seu
1044 3232 1212 3293 Conigastum,
1237 3239 1267 3285 ut

164 3314 259 3362 solinus
270 3326 344 3359 susum
355 3310 495 3358 oolloostos
507 3314 535 3356 et
552 3307 699 3357 muneribus
734 3310 815 3359 habet
826 3310 1006 3361 Cassiodorus:
1025 3322 1084 3357 cunr
1103 3308 1218 3357 Gothum
1238 3306 1267 3355 il·

164 3386 345 3451 frequentibus
356 3384 430 3446 fovit,
439 3391 466 3432 et
478 3385 586 3432 honores
597 3384 635 3431 eis
646 3397 697 3431 nou
734 3387 786 3434 lum
798 3384 963 3435 Athalarious
976 3398 1022 3432 rex
1034 3384 1161 3431 illustrem
1178 3383 1268 3443 appel·

165 3464 284 3512 minimos
293 3461 422 3523 hahendo,
437 3462 569 3510 ooelestesa
586 3459 697 3520 philoso·
733 3461 780 3521 let,
799 3461 831 3509 ad
854 3474 913 3509 enm
933 3460 1002 3521 apud
1021 3454 1203 3505 cassiodorum
1222 3456 1267 3505 lih.

163 3541 250 3603 phiarn
264 3539 457 3601 divinarumque
470 3550 554 3584 rerum
566 3534 696 3592 doctores,
734 3550 797 3584 viss.
818 3536 900 3597 Epist.
923 3546 1027 3585 xxrrn.
1049 3532 1172 3594 scribens,
1196 3534 1266 3595 apud

162 3616 276 3663 disertos
284 3620 312 3663 et
318 3613 387 3676 juris
397 3613 629 3675 peritos‚maguam
640 3624 694 3658 reru
731 3610 920 3661 'l'heodoricurn
932 3616 1068 3673 potentem
1086 3605 1168 3657 fuisse
1188 3622 1267 3671 appa·

162 3697 192 3741 et
202 3690 294 3740 summi
305 3690 382 3753 pretii
393 3702 421 3736 se
435 3688 563 3736 aeshmare
580 3687 695 3737 deciano
730 3693 781 3735 ret.
796 3686 872 3737 Iden.

163 3764 695 3830 vit‚'inqoitNicetasiuslndroniconem.
767 3762 934 3825 Conigastum]
968 3760 1029 3810 Fuit
1064 3760 1144 3811 dubio
1172 3760 1266 3822 procul

194 3844 345 3904 Beotossore
357 3841 459 3905 Respo.
468 3842 489 3889 si
499 3856 540 3891 ess
549 3843 586 3890 oel
594 3842 696 3891 studiosi
732 3846 971 3905 suessionorum,
988 3836 1124 3901 dequibus
1135 3836 1195 3883 vide
1206 3836 1266 3883 Cas·

160 3921 287 3984 apustio
297 3922 417 3980 regerent,
432 3916 471 3964 osi
489 3930 571 3964 mssa
591 3922 696 3966 rectores
732 3915 863 3965 siodorurn
873 3914 939 3963 libro
951 3913 1064 3962 seeundo
1075 3912 1178 3960 Veriar.
1190 3912 1266 3973 Epis·

161 3993 392 4057 dederesupisutia
409 3991 559 4055 estimes]
576 3991 695 4041 Plutonis
732 3994 872 4041 tohxxsv.
905 3989 983 4052 Apud
1003 3986 1112 4035 eundem
1134 3985 1198 4034 libro
1222 4000 1265 4035 oo·

160 4071 293 4122 sententia
304 4070 330 4118 in
342 4067 473 4117 Alcibisd.
487 4081 508 4116 s.
521 4081 597 4129 quarn
609 4068 697 4116 verhis
731 4072 792 4115 tero
804 4066 902 4128 legitur
911 4062 1027 4126 Epistola
1039 4062 1071 4109 ad
1084 4061 1263 4124 Conigastum.

161 4146 274 4196 diversis
295 4144 328 4193 ab
350 4144 408 4192 istis
427 4143 548 4191 Valerius
570 4144 697 4204 expressit
733 4140 822 4192 suzan.

161 4222 271 4272 libau.
291 4224 383 4282 capa.
416 4219 493 4269 ‘lam
513 4218 698 4267 Platonisrer-
766 4213 1116 4279 mgioeproposisomoomss]
1132 4213 1263 4264 VideCu-

159 4298 201 4349 his
213 4292 358 4358 sustnctq’
372 4293 620 4365 iuquitq‘sedseusu
631 4308 697 4357 pru·
730 4296 832 4366 iscium
854 4293 888 4346 ao
909 4293 995 4356 legem
1016 4290 1156 4346 secundans
1172 4292 1262 4343 Cadio.
1281 4290 1286 4299 '
