3184 4959
341 451 492 498 sorren
519 448 566 498 os
590 451 744 499 consuo.
771 451 1164 502 ruinosoerr.n1n.1v.
1235 443 1300 506 535

237 592 289 642 Cur
311 592 376 654 legat
398 593 484 641 tardas
502 591 610 654 plaustra
633 590 734 653 Bootes]
771 591 866 654 passim
879 590 1015 642 Auctores.
1031 593 1107 645 Idem.

201 667 274 718 Quid
292 667 314 716 si
332 681 381 730 pro
398 668 463 728 legat
481 679 634 728 reponamus
644 663 734 726 regnet
806 667 874 730 Cori]
889 669 965 717 Silius
976 669 1020 718 lib.
1031 683 1051 718 1.
1069 670 1177 722 ‘Qualis
1196 671 1241 720 nbi
1258 669 1299 720 AE·

200 742 296 793 Seuec.
307 743 333 791 in
345 742 440 791 Octar.
452 756 487 791 rs.
498 746 540 790 68.
555 742 631 792 ‘Qua
648 742 734 804 plaus·
771 757 829 806 gneo
849 751 971 806 surgente
990 744 1023 792 ad
1042 744 1126 794 sidera
1144 746 1229 795 Ponto
1247 747 1300 796 Per

196 818 440 867 ·tratardusnoctla
457 826 558 866 aeterna
577 817 635 866 rico
656 817 735 880 liegit
770 819 874 881 longum
896 826 971 868 vasto
997 819 1057 868 Cori
1086 833 1144 868 com
1170 835 1300 870 murmure

202 893 311 953 Bootes,
330 892 426 956 frigido
440 891 540 941 Arctoo
557 891 660 956 rigens!
693 892 733 940 De
770 891 864 942 ductus
883 894 1041 957 Suspensum
1060 895 1086 943 in
1107 900 1190 944 terras
1212 904 1301 959 portat

202 968 288 1017 Boote
309 969 408 1017 Seneca
429 968 454 1016 in
473 967 546 1016 Med.
567 983 606 1017 vs.
630 971 686 1017 llo.
707 967 733 1015 iu
770 983 849 1032 mare,
864 968 960 1032 frigida
977 970 1062 1018 santis
1082 971 1167 1019 Corda
1184 976 1300 1020 tument:

202 1045 308 1108 Tbyest.
321 1060 359 1094 rs.
370 1049 428 1094 870.
437 1085 439 1089 ,
447 1046 481 1093 Et
493 1045 616 1094 Manilius
628 1045 666 1094 bis
677 1059 734 1093 rer·
771 1053 846 1094 sonat
858 1045 901 1094 ille
913 1046 1012 1108 procul,
1028 1044 1141 1110 flatuque
1154 1054 1300 1096 tumescens

197 1119 262 1168 'blsz
292 1120 336 1168 ‘A
358 1128 433 1184 tergo
454 1121 523 1170 nitet
544 1119 735 1185 Arctophylax,
770 1121 890 1170 Curretia
908 1121 1014 1183 pavidas
1032 1123 1155 1172 tramittit
1172 1124 1300 1186 Cyclades

201 1195 322 1260 idemque
341 1197 447 1259 Bootes,
463 1196 516 1247 Qui
534 1197 622 1244 similis
635 1197 734 1259 junctis
769 1199 866 1248 undis!
896 1200 939 1248 De
956 1201 1004 1247 boo
1021 1200 1138 1264 quadam
1155 1202 1300 1250 notavimus

202 1273 286 1320 instat
301 1272 336 1320 de
354 1285 426 1319 more
438 1272 568 1334 juvencis,
581 1270 734 1320 Arctorum·
770 1275 803 1323 ad
815 1275 882 1323 Met.
894 1287 939 1322 ru.
950 1274 994 1323 lib.
1006 1287 1024 1323 1.
1039 1288 1076 1322 vs.
1089 1277 1113 1323 3.
1131 1275 1207 1325 Idem.

201 1362 254 1410 que
267 1347 336 1410 rapit
350 1346 435 1396 medio
447 1347 495 1395 sub
511 1355 616 1408 pectore
628 1347 735 1396 recuro!
804 1350 855 1398 Nec
864 1349 926 1398 nisis
936 1351 1019 1397 darom
1030 1348 1127 1411 frigore
1138 1351 1232 1414 molem]
1255 1351 1301 1400 Se·

203 1423 328 1473 Martiali.
340 1424 448 1487 Capella
458 1425 483 1471 in
501 1438 540 1485 pr.
558 1424 604 1471 lib.
616 1437 649 1472 ιι.
667 1422 734 1472 Ἀπ’·
769 1438 827 1475 neo.
839 1425 864 1473 in
875 1425 981 1488 Thyest.
990 1439 1028 1474 vs.
1041 1429 1096 1475 125.
1114 1427 1155 1475 ‘Sl
1168 1429 1225 1492 quis
1235 1429 1301 1492 'l‘ay-

203 1501 255 1549 dua
273 1507 336 1550 tunc
356 1502 443 1549 senior
461 1500 597 1549 succendit
615 1503 734 1563 plaustra
769 1501 825 1563 geti
835 1500 987 1563 conspicuos
1000 1501 1081 1563 nives,
1091 1501 1162 1552 Qrtas
1172 1517 1231 1551 cum
1241 1503 1302 1551 Sar·

182 1575 318 1625 ‚Bootea'
351 1577 403 1625 Ma.
414 1575 733 1641 qooutebatoramicisai-
769 1578 878 1626 rusticus
898 1585 1012 1638 tempore
1031 1575 1126 1638 frigido
1144 1577 1175 1627 In
1196 1577 1301 1626 sommis

201 1664 259 1698 anus
270 1665 343 1701 mens
355 1652 377 1701 1.
390 1652 577 1714 Zinzerliogus,
588 1652 733 1700 mandit.
768 1653 868 1700 Boreas
878 1650 1023 1712 composuit
1035 1650 1117 1713 jugis,
1137 1652 1221 1702 AEstaa
1239 1652 1300 1701 rell·

204 1726 289 1777 Idem.
768 1727 833 1777 teria
843 1727 920 1775 solvit
932 1725 1045 1774 Etesiis!
1061 1727 1137 1778 Idem.

236 1804 324 1864 Legem
333 1805 435 1867 stupebit
445 1805 541 1854 ethome
553 1803 609 1866 ulti]
632 1804 733 1853 Seneca
802 1802 930 1864 Stupetque
940 1800 1024 1848 ruditis
1034 1802 1117 1850 mobile
1126 1802 1221 1865 tuma]
1239 1804 1300 1852 Cus-

203 1879 231 1926 in
245 1879 319 1927 Med.
336 1894 373 1930 rs.
390 1883 447 1930 rot.
464 1881 637 1943 ‘Pariterque
655 1879 732 1927 Mun·
769 1879 864 1928 siodor.
883 1878 990 1927 lib.x11.
1007 1879 1108 1928 Verior.
1127 1883 1168 1928 25.
1185 1880 1245 1929 ‘Fit
1262 1895 1301 1929 ra·

202 1954 252 2002 dua
264 1955 321 2018 lege
332 1953 440 2004 confessa
451 1955 553 2004 aetberis
563 1956 598 2004 Et
609 1955 695 2003 Solem
705 1959 733 2002 et
769 1957 841 2005 tione
853 1959 963 2012 certium,
975 1953 1042 2016 qnod
1054 1955 1170 2016 stupenti
1180 1955 1255 2017 volgo
1264 1955 1300 2002 vi·

203 2035 275 2079 astra
286 2030 368 2081 vidit!
382 2030 458 2081 Idem.
769 2031 848 2079 detur
858 2044 916 2079 esse
926 2028 1089 2092 ambignum)
1105 2029 1181 2077 Idem·

237 2106 345 2154 Palleant
358 2107 435 2169 pleae
447 2121 535 2155 corano
544 2106 631 2168 hae]
647 2105 732 2154 Mani·
802 2105 909 2154 inscitie
923 2103 1014 2151 nubilas
1024 2103 1100 2164 error]
1116 2102 1213 2152 Arnob.
1233 2104 1299 2153 libro

203 2182 253 2230 lius
263 2183 307 2231 lib.
320 2197 340 2230 ι.
356 2183 458 2232 erudite
476 2185 603 2246 explicat,
622 2185 666 2248 qui
685 2184 732 2234 fiat
767 2183 899 2245 septimo:
926 2179 976 2227 ‘lu
998 2179 1108 2227 nubibus
1130 2179 1299 2240 ignorationis

202 2267 234 2310 ot
245 2262 318 2310 Loua
328 2262 495 2312 obscuretur:
512 2265 565 2311 ‘Te
580 2269 674 2313 testem
685 2263 732 2312 dat
769 2254 910 2306 incedere?
927 2255 1004 2317 Diog.
1023 2254 1107 2303 Lais'rt.
1125 2255 1172 2302 lib.
1192 2269 1222 2303 ιι.
1255 2257 1299 2305 De

203 2337 278 2385 Luna
297 2337 338 2386 sul
360 2338 535 2401 glomerabilis
555 2338 640 2386 orbis:
666 2339 731 2390 Quas
769 2334 896 2381 Socrates
915 2327 1109 2391 essertines
1125 2327 1197 2389 μόνον
1212 2330 1301 2392 ἀγαθὸν

201 2425 261 2461 cum
272 2425 356 2462 mersa
367 2413 448 2476 nigris
468 2428 515 2476 per
528 2418 629 2462 noctem
642 2412 732 2462 deficis
770 2406 836 2468 eluat,
849 2406 894 2464 τὴν
909 2403 1047 2465 ἐπιπήμην·
1057 2405 1095 2453 καί
1106 2404 1131 2453 lv
1139 2403 1210 2465 less»
1219 2406 1300 2469 κακὸν,

201 2486 310 2547 umbrls3
322 2488 382 2537 Nou
393 2501 480 2536 omnes
493 2486 732 2550 paritercoot'oudis
768 2484 814 2541 rba
830 2480 937 2543 ἀμαθίαν.
971 2481 1013 2529 Ab
1032 2482 1080 2529 boc
1098 2495 1159 2530 vero
1180 2482 1299 2532 Carmine

201 2563 287 2611 sidere
307 2571 408 2627 gentes,
427 2564 477 2613 Sed
497 2565 568 2626 prius
586 2565 649 2613 Eoos
665 2579 732 2628 qnae·
769 2575 821 2609 nou
834 2565 893 2608 sunt
902 2557 1040 2605 alienailla
1048 2557 1200 2606 Quintiliani
1211 2557 1298 2620 verba,

202 2641 538 2704 ruuttualumiuagentes.
569 2641 635 2689 Post
645 2639 732 2689 medio
770 2652 828 2700 quae
850 2635 985 2695 desumpta
1007 2647 1039 2680 ex
1061 2631 1258 2682 Declamatione
1273 2639 1298 2683 t.

202 2715 323 2778 subjecta
342 2716 402 2779 polo
422 2731 584 2780 quacunque
602 2717 731 2766 coluntur.
769 2713 926 2763 ‘Paullatim
939 2713 987 2760 ltoo
999 2710 1066 2775 quod
1086 2716 1229 2773 stupemus,
1247 2710 1300 2759 ani-

202 2793 300 2840 Ultima
313 2792 344 2842 ad
356 2794 501 2858 Hesperios
510 2793 614 2844 intectis
623 2795 733 2844 volveris
769 2805 825 2839 mus
846 2803 922 2837 narsus
944 2787 1083 2850 diligenter
1107 2786 1254 2849 attendere,
1272 2787 1298 2836 in

202 2868 263 2917 ulls:
282 2869 396 2933 Seraque
407 2870 434 2918 lu
446 2871 569 2919 extremis
580 2872 733 2934 quatiuntur
769 2880 863 2916 arcana
883 2869 979 2912 natura
998 2877 1098 2912 sacrum
1117 2863 1187 2911 misit
1199 2864 1299 2926 iugeni-

201 2943 323 3005 gentibus
341 2957 402 2992 aare.
434 2945 549 2994 Quodsi
568 2943 733 3006 plnoat'oret
769 2957 823 3001 um,
843 2947 871 2988 et
889 2954 922 2989 ex
942 2939 1056 2987 adsiduis
1077 2938 1298 2987 observationibus

201 3019 290 3079 tellus,
301 3018 375 3066 simul
386 3017 438 3067 ista
448 3033 589 3081 peromnes
598 3018 733 3068 Deficeret
769 3017 889 3081 notisque
914 3015 1079 3063 redeuntibus
1106 3015 1240 3063 latentium
1259 3030 1298 3063 ra·

202 3100 293 3156 partes
315 3099 371 3141 toto
392 3093 546 3142 miserabilis
568 3092 638 3142 orbe.
680 3094 732 3143 Sed
769 3093 841 3141 tione
857 3090 976 3151 collecta,
1004 3088 1121 3149 pervenit
1148 3087 1179 3136 ed
1198 3104 1298 3141 coruus.

202 3167 263 3232 quin
277 3182 322 3230 per
340 3173 451 3216 teretem
472 3166 585 3216 deducta
604 3174 645 3216 est
663 3173 733 3218 terra
768 3168 873 3218 Miraris
882 3165 964 3215 tatum
972 3163 1081 3212 bominis
1089 3178 1165 3226 posse
1175 3165 1300 3229 praedici?

202 3250 341 3304 tumorem,
360 3241 411 3290 llis
421 3242 508 3303 modo,
520 3242 640 3305 postillis
652 3257 732 3306 appa·
769 3242 939 3293 Defectiones
950 3240 1062 3289 siderum
1078 3240 1230 3303 laboresque
1240 3255 1298 3290 nar·

203 3317 332 3366 retDelia
352 3318 437 3380 terris,
453 3317 580 3366 Exoriens
598 3318 674 3366 simul
693 3324 732 3368 at·
769 3329 869 3382 rantur,
880 3316 1096 3378 nunciaturorigo
1103 3320 1297 3379 tempestatum,

200 3393 377 3459 quecndens!
409 3395 479 3446 Quin
499 3403 527 3444 et
547 3395 627 3458 Πίος.
644 3394 732 3444 baert.
768 3397 894 3447 lassitudo
915 3402 1059 3456 ventorum,
1077 3394 1144 3458 quod
1163 3395 1235 3444 sidus
1251 3395 1298 3444 im·

202 3473 229 3520 iu
250 3472 363 3523 Prorsus.
390 3472 472 3521 tradit
495 3471 529 3520 de
549 3471 731 3534 AEgyptiorunt
768 3474 882 3522 modicos
895 3472 956 3520 solis
977 3472 1091 3532 ardores,
1108 3470 1176 3534 quod
1194 3483 1297 3519 severas

202 3549 376 3612 Philosophia,
402 3547 471 3613 quod
494 3547 609 3596 dixerint
630 3544 733 3604 oenum
767 3543 1298 3611 mineturhiemes‚qnidsignificentspar·

203 3623 316 3673 trierim
326 3622 397 3673 eisrb
412 3622 516 3684 σκίασμα
529 3625 573 3682 τῆς
588 3625 634 3684 γῆς
648 3622 732 3685 turrir-
765 3625 786 3673 ai
800 3622 900 3686 longius
913 3620 1006 3681 crines,
1017 3621 1079 3685 qnid
1091 3621 1225 3673 ardentius
1237 3623 1298 3672 soli·

201 3718 297 3751 ronow.
316 3703 390 3751 Idem.
767 3705 795 3748 to
802 3697 889 3760 johar,
900 3697 961 3762 quid
974 3711 1083 3746 excussa
1092 3695 1194 3746 flamma
1205 3699 1297 3750 sideri·

234 3777 326 3837 nfeea
336 3775 504 3838 musmo]
520 3774 598 3823 smus
613 3774 673 3825 rm.
685 3773 730 3824 rto.
767 3760 834 3824 lus:
851 3775 926 3825 roem.

200 3867 228 3903 v.
238 3854 247 3881 ‘
256 3854 363 3917 Nigrum
376 3864 427 3901 nox
436 3850 538 3899 roscida
545 3856 639 3900 metam
648 3850 730 3900 Strin-
799 3852 895 3901 Pnosa
905 3856 931 3900 6.
953 3849 1022 3900 Velut
1032 3851 1113 3915 bydroe
1124 3849 1215 3913 cupito]
1229 3848 1296 3898 Vide

201 3929 299 3992 gebat]
314 3930 390 3978 Idem.
766 3943 824 3992 quse
833 3936 887 3978 not.
895 3925 962 3975 infra
972 3925 1004 3974 ad
1012 3926 1077 3974 Met.
1086 3939 1136 3974 vu.
1149 3939 1186 3972 vs.
1197 3927 1237 3972 Ὦ.
1246 3924 1270 3972 b.
1278 3926 1296 3973 Ι.

233 4005 379 4069 damnatque
386 4003 654 4066 erebrispalribaaoero]
662 4003 730 4052 AEris
764 4003 900 4052 Salvianus
913 4013 1013 4064 qnoque
1026 3999 1058 4047 ad
1071 4000 1121 4046 vim
1132 3998 1221 4061 hydrae
1233 3999 1297 4047 allu-

201 4081 297 4130 tiuuitu
316 4081 460 4131 eredebant
480 4082 591 4129 Veteres
610 4078 677 4142 lieri,
700 4085 729 4129 ut
766 4078 829 4126 dens
841 4076 885 4124 lib.
900 4087 938 4124 vr.
955 4073 995 4122 De
1013 4073 1188 4122 (iubeaneiz
1206 4074 1297 4124 ‘Sicut

201 4156 362 4217 Magicorom
373 4156 515 4207 carminum
530 4169 609 4204 sonna
628 4153 661 4202 ad
679 4155 730 4202 Lo·
765 4149 848 4202 enim'
871 4149 955 4212 inquit
975 4148 1132 4210 ‘engirinum
1150 4149 1213 4199 illud
1225 4165 1296 4200 mou-

200 4245 263 4280 nnm
285 4245 336 4281 noo
367 4233 526 4296 perveniret,
550 4243 659 4293 eamque
680 4229 729 4279 boo
765 4222 1002 4288 strum,utfabulss
1021 4222 1197 4289 ferunt,quod
1211 4227 1298 4277 multi·

201 4307 280 4358 modo
297 4308 401 4371 jnrarie
418 4310 452 4360 de
473 4322 525 4375 qua
546 4306 728 4373 superstitione
765 4302 880 4369 plicabat
898 4300 1005 4364 occisio,
1022 4300 1060 4352 ita
1078 4301 1157 4352 etiam
1168 4301 1194 4351 iu
1207 4302 1294 4353 Gallo·
