3184 4959
302 415 367 482 tuo
649 423 802 476 norrun
828 416 876 476 nh
900 425 1052 478 consen.

301 572 377 637 aliis
405 569 651 654 cognitionibus
681 570 874 648 destitutus,
914 570 1144 635 immobilibus
1171 569 1393 638 animantibus

301 673 419 737 cessit:
442 672 558 753 quales
573 676 649 735 sunt
672 671 809 736 conchae
824 673 940 751 maris,
965 691 1108 756 quaeque
1122 669 1192 735 alia
1205 674 1300 737 saxis
1323 673 1394 738 hee·

300 772 405 837 rentia
418 772 615 836 nutriuntur.
658 771 859 855 Imaginatio
879 792 959 837 vero
979 772 1160 837 mobilibus
1173 773 1304 850 belluis,
1319 772 1394 855 qui-

299 873 365 936 bus
373 872 445 956 jam
460 873 568 937 inesse
584 872 731 954 fugiendi
748 873 974 955 appetendive
993 873 1120 955 aliquis
1138 873 1269 937 videtur
1291 872 1390 936 affec·

299 977 365 1038 tus.
409 973 513 1038 Ratio
528 992 608 1037 vero
621 973 757 1038 humani
781 977 908 1036 tantum
923 973 1052 1054 generis
1067 977 1130 1051 est,
1157 970 1255 1036 sicuti
1270 972 1393 1036 intelli-

298 1074 409 1156 gentia
424 1073 497 1138 sola
512 1072 631 1138 divim:
653 1092 722 1155 quo
736 1072 773 1136 fit
784 1078 822 1136 ut
835 1093 879 1137 ea
892 1073 1014 1138 notitia
1028 1075 1148 1138 ceteris
1162 1077 1303 1157 praestet
1316 1091 1393 1155 quae

299 1179 417 1257 suapte
430 1178 544 1237 natura
557 1191 623 1236 non
643 1172 746 1235 modo
759 1171 941 1254 proprium,
965 1171 1026 1235 md
1051 1182 1236 1238 ceterarum
1255 1190 1394 1255 quoque

297 1273 489 1338 notitiarum
503 1273 654 1356 subjecta
677 1271 873 1350 cognoscitu
915 1268 1009 1346 Quid
1030 1272 1141 1350 igitur,
1166 1273 1198 1333 si
1221 1268 1395 1335 ratiocina-

296 1372 399 1439 tioni'
420 1394 537 1438 sensus
567 1369 824 1453 imaginatioque
849 1369 1078 1452 refragemus
1104 1367 1188 1433 nihil
1211 1390 1284 1436 esse
1309 1370 1394 1436 iilud

298 1465 484 1540 universale
499 1473 646 1536 dicentes
662 1467 752 1553 quod
774 1488 851 1550 sese
871 1469 994 1534 intueri
1016 1471 1105 1535 ratio
1127 1471 1243 1553 putetl
1287 1470 1393 1551 Quod

301 1662 303 1670 ¹
329 1653 341 1741 ἶ
355 1643 594 1760 ῧηαέηπομήω
605 1640 906 1704 etsetnissogsitiosiius
914 1640 1042 1704 abiectum
1050 1639 1177 1692 menum
1184 1641 1294 1706 percipit.

280 1727 282 1734 ¹
398 1722 437 1756 ner
505 1722 527 1758 r.

789 1801 897 1855 NOTAE

296 1899 346 1950 lroc
357 1891 497 1948 nihilfecit
505 1897 538 1946 ad
550 1911 662 1961 presens
670 1896 825 1947 institutum.
865 1913 917 1950 non
928 1900 955 1950 in
965 1900 1005 1953 bis
1016 1899 1097 1951 fuerit
1108 1897 1217 1949 ‘retici'
1234 1896 1393 1964 quandoqui-

297 1977 386 2026 Primo
397 1975 475 2034 euim,
484 1972 557 2022 nobis
569 1987 659 2021 sensns
670 1972 773 2021 videtur
781 1972 825 2022 de·
865 1975 925 2024 dern
936 1975 969 2025 ab
979 1977 1018 2025 his
1035 1977 1145 2040 plurima
1164 1973 1241 2036 finnt,
1257 1973 1290 2024 ed
1302 1989 1358 2038 qua
1370 1977 1392 2025 si

297 2053 360 2100 bera
380 2047 492 2110 definiri,
509 2047 579 2096 sicut
590 2063 604 2096 a
615 2046 718 2110 Μῦς.
734 2045 825 2097 defini·
864 2049 1011 2099 necesaria
1030 2049 1113 2099 fcerit
1133 2050 1251 2114 quedam
1268 2049 1394 2112 cognitio,

297 2132 357 2174 tur:
381 2121 487 2185 ‘passio
509 2122 626 2183 corporis
646 2135 694 2184 per
712 2120 825 2184 seipsam
864 2127 944 2174 etiam
962 2126 1008 2175 illa
1025 2124 1219 2189 qnae‘sensus'
1238 2131 1346 2173 vocatur
1363 2130 1392 2174 et

296 2213 346 2249 non
358 2199 441 2246 lateus
450 2196 560 2245 animam
570 2195 587 2245 :’
604 2196 671 2244 nude
681 2209 770 2246 sensns
781 2211 825 2246 ac·
865 2201 873 2229 ‘
886 2199 1053 2264 imaginatie,'
1068 2207 1141 2250 certe
1162 2201 1170 2228 ⁶
1182 2197 1264 2248 retio’
1274 2211 1393 2247 necessa·

296 2274 349 2337 cipi
366 2279 455 2337 potest
467 2271 616 2334 dupliciter,
634 2270 752 2320 nimirum
770 2270 825 2320 ‘iu·
864 2274 902 2323 ria
917 2275 977 2337 erit,
987 2276 1036 2324 hoc
1053 2281 1103 2337 est,
1119 2287 1268 2338 progressus
1287 2286 1393 2335 eognos-

296 2349 450 2414 sdeequate,'
460 2356 490 2399 ut
507 2350 647 2413 loquuntur
664 2348 825 2414 Philosophi,
864 2352 948 2400 centis
959 2366 975 2400 a
985 2350 1054 2399 uotis
1070 2349 1102 2399 ad
1114 2351 1210 2413 ignota.
1241 2347 1269 2397 Si
1280 2346 1391 2411 denique

296 2432 423 2490 quatenns
439 2427 482 2473 est
492 2426 500 2451 ‘
510 2422 595 2487 passio
611 2424 727 2488 corperis
737 2423 756 2473 ε’
773 2438 824 2488 quo
861 2425 965 2475 ‘ratio'
981 2423 1062 2474 suerit
1078 2426 1104 2474 iu
1121 2423 1233 2485 homine,
1250 2426 1279 2470 ut
1300 2435 1392 2470 revera

295 2499 373 2549 medo
402 2513 491 2547 sensus
518 2499 649 2561 reperitur
678 2498 704 2546 in
734 2499 825 2548 hestiis
864 2509 1034 2563 eat,curnon
1050 2494 1392 2547 ineodemiuerit‘intelli·

295 2576 393 2634 etiam;
409 2581 437 2623 et
445 2577 453 2600 ⁸
461 2571 614 2637 adaeqnate,'
624 2578 654 2620 nt
664 2572 736 2622 siunt
746 2573 823 2622 iidem
865 2575 976 2638 gentis?
991 2588 1050 2622 cum
1060 2573 1068 2601 ‘
1077 2571 1159 2621 ratio'
1170 2585 1222 2620 non
1239 2571 1272 2620 sit
1286 2570 1342 2618 sine
1349 2570 1393 2633 ju·

296 2649 455 2711 Philosophi,
486 2654 614 2710 qnatenus
643 2652 682 2695 est
710 2649 718 2674 ‘
738 2647 824 2708 passio
864 2649 943 2712 dicio,
953 2663 1002 2697 uec
1014 2647 1142 2711 judicium
1161 2646 1392 2708 sine‘intelligen·

295 2723 411 2786 corporis
423 2713 470 2785 per
479 2722 592 2784 seipsam
604 2735 655 2770 non
671 2721 756 2770 latens
772 2721 824 2768 ani·
863 2722 918 2772 tin!
951 2722 1010 2771 Nisi
1032 2728 1118 2770 tannen
1136 2721 1270 2770 nominata
1297 2720 1392 2772 intelli·

294 2812 361 2849 rusm
371 2797 388 2846 ε’
406 2812 457 2862 qun
468 2797 569 2845 ratione
581 2809 670 2844 sensns
687 2795 765 2843 solius
777 2794 823 2842 ho·
863 2797 952 2860 gentis
967 2795 1136 2858 Philosophia
1152 2797 1263 2844 voluerit
1279 2797 1390 2859 intelligi

294 2872 371 2922 minis
382 2880 437 2922 est:
455 2871 552 2936 quippe
569 2870 614 2934 qui
632 2871 703 2919 setus
720 2876 823 2920 eonstn
862 2871 993 2925 notionem
1009 2885 1025 2918 a
1035 2869 1106 2918 nulle
1122 2876 1257 2931 acceptam
1269 2875 1297 2918 et
1307 2867 1391 2918 intini-

294 2961 445 3012 excerpere
455 2953 484 2996 et
497 2953 592 2996 mente.
625 2946 822 3008 secundanos·
862 2953 931 2996 tam:
953 2947 1010 2996 hec
1031 2945 1101 2994 cuitu
1117 2942 1290 3006 intelligentis
1310 2943 1390 2992 selina

294 3030 336 3073 ter
345 3031 436 3074 unctor
446 3021 519 3086 ponit
529 3021 665 3071 ‘sensum'
676 3021 753 3071 etism
761 3035 820 3086 pro·
860 3023 911 3073 net
922 3029 971 3074 est.
1002 3021 1105 3083 Tertio,
1116 3021 1215 3070 haecce
1229 3019 1335 3069 liberius
1344 3031 1392 3069 no·

294 3099 350 3162 prie
362 3097 494 3148 dictumiu
506 3095 725 3159 bestiis,cumhop
734 3102 822 3146 temen
861 3099 984 3160 terimus,
998 3097 1068 3162 qnod
1086 3096 1118 3146 ad
1133 3101 1288 3159 praesentem
1303 3094 1392 3145 Philo·

294 3172 461 3231 discrimine;
478 3178 508 3219 nt
526 3170 553 3218 in
572 3171 676 3219 conchis
695 3172 730 3220 sit
745 3172 822 3220 ‘sem
862 3175 959 3236 sophim
978 3173 1222 3222 demonstrationem
1243 3171 1307 3219 nihil
1326 3169 1390 3220 faci-

293 3246 354 3296 nns’
372 3249 428 3296 sine
445 3242 664 3307 ‘imaginatione’
682 3244 710 3292 in
731 3244 821 3294 bestiis
861 3256 924 3296 unta
941 3247 995 3294 sire
1012 3247 1080 3294 enim
1098 3245 1189 3294 bestiae
1210 3244 1315 3307 proprie
1333 3259 1392 3294 sen.

293 3320 430 3372 mobilibus
453 3321 531 3370 etiarn
554 3319 734 3380 ‘imaginatio’
764 3319 821 3367 siue
861 3322 1073 3382 tiantsivenou;
1088 3319 1392 3371 modouuushomosen·

294 3393 433 3459 ‘ratione,'
453 3394 520 3444 sicut
538 3393 565 3442 in
584 3392 685 3442 homine
696 3390 820 3455 ‘sensus,'
861 3398 921 3461 tint,
938 3396 965 3446 id
982 3395 1045 3445 satis
1062 3394 1114 3444 erit
1134 3394 1166 3443 ad
1185 3395 1391 3446 animadverten-

292 3468 480 3533 ιῙ1’11113ἰ118ϊί0,’
492 3465 684 3525 et‘ratio‚'sed
698 3465 821 3516 sille‘lll·
860 3473 922 3523 dum
940 3471 1079 3521 discrimen
1095 3468 1262 3533 ordinemque
1281 3471 1391 3533 praedic.

295 3545 460 3611 telligentia'
469 3561 543 3610 qnam
555 3547 637 3596 dicit‘
651 3546 731 3595 divini
742 3561 821 3609 gene·
860 3552 954 3598 torum.
986 3546 1112 3596 Similiter
1129 3545 1245 3609 quemvis
1260 3545 1336 3597 homo
1351 3546 1391 3596 in·

294 3622 349 3672 ris!
363 3622 410 3682 At,
426 3621 538 3684 inquam,
557 3619 578 3668 si
593 3620 715 3670 ‘seusus’
735 3627 776 3669 est
794 3621 822 3669 in
861 3622 1006 3683 tellipentia
1019 3619 1157 3682 afficiatur,
1168 3620 1341 3684 intelligentis
1351 3629 1390 3671 ts·

294 3694 822 3755 conmisstnrnoniniisdcmfuerit‘ima-
861 3709 922 3744 meu
938 3694 1036 3755 divina,
1054 3700 1146 3757 utpote
1168 3695 1278 3758 infinita,
1297 3696 1391 3746 intelli·

295 3769 417 3836 ginstioi'
432 3783 491 3818 cum
508 3770 517 3798 ‘
527 3768 630 3818 sensns'
641 3774 669 3816 et
684 3769 823 3832 ‘insagina-
862 3768 976 3833 gentiam
1002 3770 1138 3820 humanam
1159 3771 1199 3821 its
1221 3776 1336 3834 superat,
1359 3777 1390 3821 nt

294 3845 346 3896 tio’
358 3860 407 3895 non
418 3843 549 3904 differant,
560 3842 607 3892 uisi
623 3841 691 3907 qnod
703 3848 710 3871 ¹
720 3855 827 3893 sensus‘
862 3857 921 3906 ques
940 3842 1112 3907 intelligentia
1132 3845 1241 3893 hnmana
1258 3844 1317 3906 capi
1337 3858 1389 3894 non

293 3934 340 3970 sno
351 3919 463 3984 quilibet
478 3931 582 3983 organo,
592 3918 600 3944 ‘
610 3915 771 3980 imaginatio*
782 3932 823 3966 or·
862 3922 983 3980 possunt,
990 3916 1046 3967 haec
1054 3918 1224 3981 intelligentis
1233 3918 1321 3969 dirius
1330 3933 1391 3970 rec·

294 4009 361 4059 gano
372 3992 638 4056 eommuni,ridelicet
646 3992 754 4041 cerebro
764 4007 823 4056 per·
863 3999 890 4041 te
901 3992 1158 4055 comprehendantur.

293 4068 412 4118 finiatur:
435 4068 507 4134 qnod
528 4066 663 4118 cerebrum
689 4066 767 4115 etiam
794 4067 821 4117 ln
893 4064 985 4123 festu
1001 4069 1086 4129 igitar,
1101 4067 1123 4116 si
1139 4066 1323 4131 misenum,
1332 4069 1388 4134 ssa]

295 4144 398 4194 conchis
406 4143 527 4194 occurrit.
543 4144 570 4192 st
578 4143 586 4172 ‘
595 4142 741 4206 imaginatio
749 4142 757 4165 ’
764 4141 820 4192 fne-
860 4140 973 4192 Accedit
984 4144 1088 4192 tandem
1099 4142 1266 4205 Philosophia
1277 4145 1309 4194 ad
1320 4159 1387 4209 earn,

296 4215 332 4267 rit
346 4217 372 4267 in
388 4218 444 4269 aliis
459 4217 558 4282 hestiis,
567 4231 626 4282 ng.
639 4217 666 4268 in
677 4218 763 4281 vulpe,
772 4232 820 4268 cur
858 4225 968 4284 propter
983 4233 1060 4285 quam
1078 4219 1155 4282 longa
1168 4215 1274 4268 fuerunt
1289 4221 1384 4287 praalu-
