3184 4959
551 426 810 478 rnrcnsounrn
834 429 905 477 cru.
931 431 963 478 v.
1237 417 1303 485 td?

211 571 293 638 dum
306 590 384 636 vero
399 569 550 635 dicamus
564 591 641 636 esse
656 579 862 656 perpetuum.
906 572 1076 651 Quoniam
1088 571 1211 664 igiturt
1232 591 1304 636 om·

211 693 253 737 ne
274 671 437 757 judicium
464 673 648 750 secuudum
673 675 724 737 sni
750 673 928 752 naturam,l
949 691 1029 756 quae
1058 672 1123 736 sibi
1151 669 1304 755 subjecte

211 781 298 850 sunt,
320 773 583 856 comprehendit:
619 779 670 838 est
694 779 808 838 nutem
835 773 910 838 Deo
933 793 1064 858 semper
1093 779 1240 839 aeternus
1261 791 1304 840 oo

211 874 449 956 praescntarius
464 879 587 938 status:
610 876 751 940 scientia
765 894 904 960 quoqne
917 875 1003 959 ejus,
1025 893 1160 938 omnem
1172 885 1305 957 tempo·

210 977 255 1040 ris
269 994 489 1058 supergressa
503 975 695 1052 motionem,
717 976 751 1039 in
777 996 850 1041 suae
865 982 980 1040 munet
994 974 1204 1058 simplicitate
1218 992 1305 1057 prus·

204 1077 343 1153 sentino,
367 1077 560 1158 infinitaque
574 1076 735 1159 praeteriti
757 1096 799 1141 cc
815 1077 919 1142 futuri
934 1077 1048 1159 spatio
1062 1075 1304 1158 complectens,

213 1179 325 1242 omniu
339 1177 436 1260 qussi
445 1178 518 1262 jam
532 1182 694 1258 geruntur,
715 1177 750 1240 in
765 1197 827 1242 sua
841 1176 990 1261 simplici
1013 1176 1200 1257 cognitione
1220 1193 1302 1240 con·

212 1279 345 1344 uiderat.
373 1277 493 1360 ltoquc
507 1277 537 1339 si
550 1277 792 1360 praescientiam
804 1285 831 1325 ¹4
850 1297 990 1362 pensare
1004 1278 1090 1342 velis
1100 1297 1169 1360 qno
1181 1285 1307 1342 cuncto

214 1379 390 1461 dignoscit,
415 1396 480 1440 nou
495 1395 573 1440 esse
592 1377 839 1459 praescientiam
854 1379 952 1463 quasi
975 1378 1089 1456 futuri,
1115 1378 1176 1442 sed
1199 1380 1306 1443 scien-

212 1482 295 1544 tiam
323 1497 494 1559 nunqnam
532 1476 717 1541 deficientis
746 1478 925 1556 instantiae,
955 1476 1081 1545 rectius
1109 1479 1306 1545 estimabis.

214 1579 312 1644 Unde
340 1598 409 1642 non
433 1577 671 1654 Praevidentia,
698 1579 759 1642 sod
787 1580 1008 1646 Providentia
1034 1582 1148 1663 potius
1172 1575 1306 1660 dicitur,

213 1681 301 1764 qnod
315 1699 412 1763 porro
427 1681 582 1744 abrebus
604 1679 729 1744 infimis
753 1684 948 1757 constituta,
974 1683 1071 1764 qnasi
1098 1684 1141 1746 ab
1167 1683 1306 1747 excelso

212 1801 319 1847 rerum
336 1781 508 1844 cacumine
533 1787 654 1844 cuncta
677 1783 872 1864 prospiciat
917 1781 1009 1860 Quid
1033 1783 1134 1864 igitur
1155 1784 1307 1866 postules

213 1888 252 1945 ut
266 1882 456 1946 necessaria
470 1881 550 1945 fiunt
563 1901 638 1963 quae
665 1881 778 1945 divino
802 1882 926 1948 lumine
953 1885 1144 1959 lustrentur,
1167 1902 1244 1948 oum
1265 1903 1307 1948 ne

213 1982 365 2046 homines
393 1983 527 2066 quidem
555 1985 746 2048 neccssaria
774 1983 900 2049 faciunt
928 2004 1006 2049 esse
1036 2002 1114 2068 qum
1144 1984 1305 2049 videontl

213 2083 307 2148 Num
321 2084 406 2148 enim
422 2104 499 2168 quae
513 2084 692 2167 praesentie
706 2086 826 2163 cernis,
842 2086 991 2169 aliquam
1005 2086 1057 2150 eis
1070 2087 1304 2151 necessitatem

213 2193 294 2251 tuns
309 2186 402 2250 addit
423 2187 589 2250 intuitus?
636 2185 787 2250 Minime.
832 2184 941 2271 Atqui
956 2189 984 2251 si
1001 2195 1054 2252 est
1068 2187 1176 2252 divini
1190 2187 1310 2252 humo-

213 2287 316 2370 uique
331 2288 505 2370 proesentis
521 2287 619 2368 digua
633 2287 792 2364 collatio,c
814 2289 862 2352 uti
885 2309 950 2352 vos
971 2294 1081 2353 vestro
1101 2288 1166 2352 hoc
1179 2285 1307 2370 tempo·

215 2389 303 2452 roric
318 2389 473 2472 praesonti
489 2388 646 2471 quendum
662 2390 794 2468 videtiS,
811 2391 859 2453 ita
880 2389 960 2454 illc·¹
981 2390 1093 2454 omnia
1112 2408 1174 2452 suo
1199 2391 1308 2455 cernit

216 2496 352 2554 aeternn.
397 2488 512 2567 Quare
530 2488 605 2552 haec
619 2490 733 2554 divino
755 2492 921 2574 praenotio
935 2498 1090 2555 naturum
1103 2508 1212 2553 rerum
1230 2509 1307 2573 pro·

215 2589 450 2673 prietatemque
466 2610 532 2654 non
546 2595 673 2670 mutat3
697 2591 845 2672 telisque
859 2589 949 2675 opud
965 2610 1004 2656 se
1016 2590 1198 2674 praesontio
1211 2609 1307 2673 spec·

245 2805 257 2840 ⁸
273 2809 364 2858 Mentis
373 2808 511 2870 judicantis.
590 2815 601 2840 ⁴
619 2807 780 2870 Compmutio.
855 2805 960 2860 ‘Dm

670 2947 850 2967 m

212 3051 250 3116 u·
262 3046 348 3099 erius
365 3047 542 3096 neam-rr
559 3047 716 3097 Praemtiam
727 3047 825 3110 nequ.
837 3045 986 3097 naeu-rs
1003 3047 1168 3111 ‘uranu
1182 3033 1309 3121 prium
1342 3085 1346 3095 ,

709 3215 820 3268 NOTAE

249 3351 262 3385 ν
281 3343 396 3401 Quina
410 3343 561 3408 iginum]
578 3345 618 3394 Ex
634 3345 742 3408 predic·
782 3346 852 3396 circe
869 3347 1021 3410 presentie:
1039 3359 1090 3410 qno
1107 3344 1138 3394 ut
1155 3343 1240 3393 utilla
1259 3342 1310 3392 llei

216 3420 251 3469 tir
261 3419 426 3482 Philosophia
441 3420 478 3469 sic
492 3420 568 3470 nobis
583 3418 686 3468 videtur
701 3435 742 3468 er·
782 3423 854 3470 notin
865 3424 873 3450 ⁴
884 3436 937 3470 non
954 3421 1119 3484 praeeoientin
1134 3418 1207 3480 quael
1218 3414 1310 3480 futuri,

215 3496 376 3559 gumentari:
395 3496 459 3545 Cum
471 3495 641 3560 judicandum
658 3497 693 3545 eit
710 3498 743 3546 de
783 3494 830 3543 red
847 3495 955 3543 scientie
971 3508 1101 3557 nunquam
1112 3491 1257 3543 deficientis
1272 3491 1310 3540 in·

217 3569 323 3620 notione
344 3571 484 3619 secundum
510 3577 625 3620 naturum
651 3571 743 3620 mentis
784 3569 886 3618 strutio
898 3569 994 3619 rectius
1006 3568 1162 3617 estimetur:
1180 3566 1248 3616 unde
1258 3581 1310 3616 non

217 3647 408 3707 cognoscentis;
425 3661 533 3710 cumque
548 3647 622 3696 Deus
638 3661 743 3709 cognoe·
784 3644 970 3704 Providentia,
982 3643 1026 3693 sed
1042 3641 1212 3693 Providentia
1226 3642 1311 3705 potine

218 3734 280 3770 eene
297 3719 384 3772 futuro
403 3722 493 3784 libera,
510 3722 544 3771 de
563 3721 655 3786 quibus
673 3735 743 3770 nnnc
784 3720 889 3782 dicitnr,
900 3721 969 3784 quod
985 3733 1062 3783 porro
1078 3718 1110 3768 eb
1125 3718 1201 3767 rebus
1218 3715 1311 3765 intimis

217 3796 312 3860 egitur,
329 3804 422 3846 nature
437 3812 484 3846 sun
502 3797 537 3846 eit
554 3802 677 3860 oeteruur,
693 3797 743 3847 hoc
783 3797 936 3858 constitute,
956 3796 1029 3860 qussi
1047 3793 1080 3843 ab
1102 3793 1205 3842 excelso
1224 3803 1311 3839 rernm

215 3877 265 3931 eet,
284 3885 386 3935 semper
404 3872 521 3934 cogitem
539 3885 691 3935 semperque
707 3871 742 3918 vi·
783 3870 918 3920 cacumine
929 3875 1023 3920 cuncte
1038 3862 1198 3931 prospiciet)
1230 3860 1312 3930 Atqui

217 3961 280 3995 vens
292 3948 353 3996 ,sine
371 3947 424 3996 nile
441 3943 587 3995 differenti·
599 3945 744 4008 prreeeutis,
782 3947 855 3996 notio
867 3946 1005 3995 liberorum
1024 3940 1201 4005 presentium,
1216 3937 1312 3997 nollem

217 4022 356 4084 preteriti,
376 4027 404 4070 et
428 4019 527 4082 futuri3
554 4021 652 4071 idcirco
672 4022 744 4070 notio
784 4015 1151 4084 illieimpouitneceeeitetem:
1169 4012 1313 4063 uon‘enim

218 4097 271 4145 Del
289 4096 327 4145 ite
346 4096 456 4159 cogitari
475 4094 557 4145 debet
575 4102 674 4145 eterno
690 4097 744 4145 sive
785 4108 843 4158 qnoe
850 4093 989 4156 presentis
1000 4089 1094 4151 cornis,
1103 4088 1211 4153 ntiquom
1222 4088 1260 4136 eie
1268 4102 1312 4137 ne·

219 4173 292 4219 ‘rore
307 4171 438 4234 eimnl‚’ut
455 4167 547 4221 eode'm
566 4170 642 4220 modo
657 4184 685 4220 ee
701 4170 745 4220 he·
785 4168 935 4220 cessitatem
955 4172 1014 4216 tnun
1030 4164 1103 4216 oddit
1125 4161 1261 4213 intuitur?
1278 4163 1313 4212 ni-

220 4245 281 4298 beet
302 4245 372 4297 circe
393 4245 483 4296 tntum
510 4246 601 4312 libem,
621 4245 747 4312 quomodo
785 4243 882 4294 militer
903 4243 925 4292 ei
946 4242 1021 4293 Dens
1041 4240 1147 4305 ignerun
1167 4237 1313 4290 interorum
