3184 4959
395 413 532 466 uranon.
555 417 669 466 rnna.
696 415 744 464 na
769 414 883 464 uara.
908 415 1042 465 nonan.
1213 386 1280 464 tls

188 585 192 594 ⁴
227 550 280 616 lV.
300 554 492 616 Monocolon.
533 558 642 618 Versus
663 567 707 616 est
729 555 895 634 dactylicus
915 553 1080 616 Pbalaecius
1097 565 1278 635 pentameter

185 634 463 793 gssssdffiiiiim'
479 647 618 696 constans
632 636 785 715 spondaeo,
811 636 941 715 dactylo,
960 649 990 696 et
1009 638 1102 697 tribus
1115 637 1275 697 mobaris:

398 839 418 874 ι.
435 829 459 875 t.
477 826 600 889 Quisquis
612 825 754 890 composito
766 836 872 875 sensnm
884 839 948 876 uro.

479 915 521 925 --
553 911 617 942 -w
647 911 688 942 -υ
719 911 760 942 -υ
791 915 831 926 --

378 979 422 1018 ιιι.
441 971 480 1018 1⁰.
498 969 557 1018 Huc
570 984 657 1019 omues
669 970 767 1033 pariter
779 969 865 1020 venite
877 969 955 1034 capti.

500 1059 540 1068 -·
570 1056 634 1085 -υυ
666 1057 706 1086 -ν
737 1057 778 1086 -ν
809 1059 851 1069 ··

185 1206 192 1220 .
224 1127 281 1220 Hip
297 1127 409 1186 veroin
425 1128 519 1205 prima
534 1131 651 1207 regione
663 1147 871 1205 nonnunquam
886 1146 941 1205 pro
955 1125 1099 1206 spondaeo
1112 1131 1274 1190 trochaeum

183 1223 325 1266 rnvenres.

222 1335 260 1392 V.
284 1334 474 1392 Monocolon.
518 1334 624 1391 Versus
651 1345 696 1392 est
720 1333 917 1408 anapaesticus
941 1332 1123 1405 Pindaricos,
1151 1334 1275 1394 dimeter

183 1413 372 1485 acatalectus,
382 1426 517 1472 constans
532 1423 700 1491 anapaesto:
713 1414 816 1489 recipit
830 1423 928 1471 tamen
943 1413 1116 1490 spondaeum
1129 1423 1159 1473 et
1170 1414 1274 1492 dacty-

181 1493 499 1570 lum:·noununquam
525 1493 833 1569 proceleusmaticum,
861 1491 912 1550 sed
942 1492 1046 1551 rarius.
1090 1493 1188 1552 Utitur
1216 1495 1273 1552 boo

183 1572 326 1631 Carminis
340 1591 443 1649 genere
458 1571 622 1648 quinquies.

402 1697 422 1732 ι.
437 1688 461 1734 ὅ.
480 1681 505 1732 0
517 1679 634 1731 stelliferi
646 1680 763 1729 conditor
774 1679 853 1728 orbis.

372 1760 416 1795 ιιι.
433 1751 458 1796 ².
476 1747 593 1797 Quantus
604 1757 689 1794 rerum
699 1739 790 1792 flectat
801 1744 923 1794 habenas.

374 1823 414 1860 ιι.
433 1814 458 1858 θ.
475 1810 502 1858 si
514 1809 552 1857 ris
564 1809 626 1857 celsi
633 1809 693 1871 jura
703 1809 825 1858 tonantis.

391 1887 418 1922 v.
436 1876 461 1921 2.
479 1873 549 1922 Pnro
561 1875 660 1921 clarum
671 1873 765 1920 lumina
778 1871 914 1922 Pboebnrn.

389 1950 416 1985 v.
433 1940 457 1987 a.
476 1939 600 1986 ttuaensm
612 1936 711 1985 discors
723 1935 824 1984 foeders
835 1949 929 1984 rerum.

470 2025 509 2038 --
540 2025 582 2038 ·-··
612 2023 677 2052 w
708 2023 749 2050 -ν

184 2079 251 2140 Hoc
265 2079 381 2138 Adonin
395 2077 499 2138 linivit.

191 2226 193 2230 ’
219 2207 271 2264 Vl.
294 2205 486 2268 Monocolon.
529 2205 637 2264 Versus
652 2215 697 2262 cst
718 2203 885 2283 Glyconius
906 2201 1120 2262 choriambicus
1142 2202 1270 2265 trimeter

179 2285 367 2378 acataleptus.
384 2364 391 2377 ο
410 2285 533 2346 Constat
561 2282 713 2362 spondaeo,
742 2283 925 2355 choriambo,
948 2290 976 2340 et
1002 2282 1270 2362 Pyrrhicbioaquo

181 2383 336 2442 quinquies
351 2374 450 2424 utitur.

425 2489 444 2525 ι.
477 2480 502 2525 d.
520 2475 585 2524 curn
595 2473 686 2524 Plroebl
699 2473 776 2522 radils
788 2486 876 2534 prave.

413 2552 445 2588 ιι.
478 2543 502 2588 8.
519 2538 597 2590 Quod
607 2537 716 2586 mundus
727 2537 815 2586 stabili
825 2535 886 2586 fide.

401 2615 446 2651 ιιι.
464 2606 503 2653 1².
521 2602 593 2651 Felix
605 2602 649 2664 qui
660 2603 746 2665 potuit
756 2601 827 2652 boul.

411 2680 450 2715 rr.
483 2669 507 2714 t.
524 2665 589 2714 Vela
601 2665 697 2714 Neritii
710 2664 792 2715 ducis.

216 2777 323 2836 Verum
338 2777 366 2836 in
381 2778 439 2837 hoc
453 2777 589 2837 Carmine
603 2777 715 2855 primus
729 2781 854 2854 quisque
877 2791 931 2853 pes
956 2773 1018 2832 fera
1040 2774 1187 2833 amasus
1212 2783 1267 2846 est,

177 2866 302 2935 excepto
317 2858 421 2916 ultimo
435 2875 530 2926 remit,
551 2857 579 2914 in
595 2875 655 2934 quo
670 2857 801 2914 nonnulli
815 2866 913 2914 tarnen
926 2852 1022 2913 slsm
1034 2851 1147 2931 legunt.

403 2982 430 3018 v.
446 2971 471 3018 t.
489 2967 623 3019 Quondam
634 2967 748 3031 porticus
759 2965 854 3016 attulit.

497 3057 538 3067 —-
569 3053 650 3082 -νυ-
681 3051 728 3083 νυ

216 3128 284 3187 Vll.
306 3128 496 3186 Monocolon.
536 3129 644 3186 Versus
657 3138 703 3185 est
715 3126 880 3204 dactylicus
894 3123 1028 3183 Adouius
1043 3121 1166 3182 dimeter
1187 3133 1268 3184 cata·

178 3206 309 3282 lecticus,
322 3217 461 3267 constans
475 3206 595 3285 dactylo
616 3217 646 3267 et
665 3205 817 3285 spondaeo,
832 3206 891 3264 sire
915 3207 1056 3263 trocheo.
1097 3203 1194 3263 Semel
1211 3203 1268 3263 boc

183 3287 283 3345 utitur.

402 3377 421 3412 ι.
439 3367 463 3412 t.
483 3363 601 3414 Nubibus
613 3364 684 3411 stris.

480 3449 545 3478 ,W
577 3452 616 3461 --

218 3524 301 3583 vltt.
322 3523 513 3582 Monocolon.
562 3523 669 3580 Versus
682 3532 728 3581 est
742 3521 885 3580 iambicus
900 3519 1123 3598 Hipponacteos
1138 3516 1268 3578 trimeter

176 3605 365 3673 cumulemus,
375 3603 425 3680 qui
440 3619 547 3662 scazon
559 3600 734 3680 appellatur,
743 3599 823 3678 quod
834 3601 862 3657 in
872 3609 954 3658 sexta
967 3598 1084 3675 regione
1097 3598 1266 3675 spondaeum

177 3681 224 3740 vel
238 3682 396 3740 trochaeum
412 3682 527 3742 babeat.
570 3679 688 3757 Recipit
709 3679 869 3756 imparibus
892 3679 966 3738 locis
992 3677 1133 3746 iambum,
1161 3678 1265 3737 tribra-

178 3761 264 3838 cbyn,
280 3760 463 3836 spondaeum,
477 3761 638 3839 dactylum,
653 3768 683 3818 et
710 3768 907 3838 anapaestum:
929 3757 1048 3834 paribus
1071 3755 1212 3827 iambum,
1235 3765 1267 3815 et

177 3841 360 3918 tribrachyn:
390 3839 467 3917 apud
497 3840 627 3898 comicos
653 3837 875 3917 frequentaret
900 3845 1095 3914 anapaestum.
1136 3835 1187 3893 Bis
1206 3835 1264 3893 hoc

164 3919 280 3977 utitur.

368 4009 400 4045 ιι.
418 3999 441 4044 l.
460 3993 526 4044 Huc
536 4007 594 4044 oum
605 3993 715 4058 superba
726 3993 835 4044 verterit
845 3994 917 4042 vices
928 3991 1030 4040 deutra.

464 4083 503 4095 ···
535 4079 575 4110 υ·
605 4083 646 4094 ·-
678 4081 718 4110 υ-
748 4081 789 4110 v·
819 4081 860 4094 ··

370 4153 412 4190 ιιι.
430 4143 470 4189 tl.
488 4137 611 4201 Quisquis
622 4136 750 4200 profunda
759 4140 846 4209 menta
856 4135 967 4198 vestim
976 4147 1073 4206 sarum

490 4227 529 4242 ...
561 4225 601 4252 ν..
632 4227 672 4240 -..
703 4222 743 4254 υ.
775 4226 815 4238 ..
846 4223 889 4235 -.
