3184 4959
298 402 449 452 ausurus
475 404 522 451 nn
545 404 700 454 cousus.
725 402 947 453 ruinosoru.
974 407 1044 454 usa.
1069 407 1117 454 ιν.
1191 394 1255 457 ost

161 557 253 593 eonem
269 552 390 595 veneunt.
423 546 475 597 Hlo
491 560 522 596 so
538 544 691 597 honorisat·
727 558 789 595 num
808 546 830 596 si
847 546 904 611 qula
922 562 980 597 enm
998 549 1039 599 islo
1056 548 1158 599 Manilii
1170 549 1215 600 lib.
1224 564 1257 601 ss.

161 634 213 683 que
231 620 396 670 authoritatis
412 627 536 685 regnante
550 622 690 671 Commodo
727 621 844 673 versibus
860 622 989 685 conform,
1004 625 1137 675 industrias
1149 626 1259 688 diligen·

161 703 303 758 provectus
325 703 375 758 est,
399 704 428 747 ut
446 706 475 747 et
493 698 609 761 corporis
634 697 690 761 ejus
728 696 824 761 tiaeque
832 698 930 761 grande
939 700 1051 762 pretium
1059 700 1257 751 babiturnsest:

161 771 315 835 custodiam,
334 781 362 821 et
381 774 493 823 cubiculi
514 788 610 835 cusam,
623 788 690 837 pras·
726 770 1259 836 ‘NamqnsosuamtseitsNstnrsemente

161 854 236 899 terea
246 848 355 899 militnm
367 848 556 899 Praeseotursm
566 850 635 900 solus
645 850 690 899 ob·
727 853 871 910 potatam,
892 848 1060 915 Iniussusque
1079 852 1167 901 Deum
1182 854 1259 914 eolo,

159 924 265 974 tineret.
299 927 363 974 Cum
379 939 442 975 vero
459 924 557 975 divitiae
573 927 691 975 aelurus
726 923 867 989 terrisque,
877 924 1153 989 fretoque,1ngeutem
1165 930 1259 991 equali

160 1001 238 1050 etiarn
255 1002 288 1050 ad
304 1001 405 1064 imperii
419 1014 491 1065 spem
503 1001 574 1051 illum
585 1000 690 1063 instiga·
727 1000 905 1051 moderantem
915 999 1014 1051 i'oedere
1030 1002 1138 1052 molerns
1155 1004 1259 1052 lutosu-

161 1085 230 1137 rent,
241 1076 413 1140 Romanisque
425 1083 533 1141 propter
547 1076 691 1140 inexplebi·
727 1088 778 1139 que
799 1077 901 1127 alterno
921 1091 1052 1129 eosaeusu
1073 1079 1160 1127 visere
1182 1078 1260 1127 Mun·

160 1154 211 1203 lem
222 1154 358 1204 avaritiam
373 1160 443 1203 asset
452 1154 632 1205 exosissimusz
649 1168 692 1213 ao·
727 1150 799 1212 dum,
810 1153 845 1200 Et
856 1153 962 1201 rationis
982 1153 1024 1217 agi
1041 1162 1121 1212 motu,
1131 1167 1190 1202 eum
1205 1153 1259 1217 spi·

161 1232 298 1283 cedentem
313 1232 346 1281 sd
364 1247 392 1281 se
402 1226 553 1295 'imperator
563 1230 645 1295 (qnod
656 1230 691 1279 oi·
728 1230 795 1281 ritus
806 1244 872 1280 unns
884 1232 937 1279 Per
946 1244 1052 1281 cumsas
1060 1230 1161 1280 babitst
1169 1237 1259 1293 partes

161 1307 212 1357 vile
224 1308 354 1357 excitarat
364 1306 558 1372 bellum)jussit
574 1320 691 1370 compre·
728 1316 807 1373 atqrse
818 1309 910 1370 irriget
927 1309 1016 1359 orbam
1034 1308 1129 1358 Omnia
1149 1308 1260 1371 persuli-

160 1385 248 1447 lreudi‚
264 1390 292 1433 et
302 1391 383 1448 eaput
393 1385 447 1449 ejus
459 1390 619 1447 srnputstnm
630 1396 691 1432 nors·
727 1392 794 1446 tuns,
829 1398 978 1448 corpusque
1010 1384 1120 1433 animale
1155 1381 1259 1446 figuret.

161 1465 240 1523 toque
261 1459 394 1523 prefixum
414 1458 581 1516 circumferri,
601 1459 690 1521 volup·
728 1459 808 1511 Quod
818 1460 992 1521 nisieoguatis
1002 1460 1123 1509 membris
1134 1466 1259 1508 contexta

162 1542 262 1587 tuorum
281 1537 383 1585 seilicet
405 1543 483 1600 atque
506 1542 622 1598 optatum
646 1548 691 1597 po·
728 1536 992 1598 manumittuntur,
1010 1543 1037 1584 et
1055 1534 1175 1599 imposito
1187 1548 1260 1597 pose·

161 1612 222 1674 pulo
233 1612 410 1675 spectaculum
423 1609 587 1675 prebiturus.
613 1608 691 1659 Hisne
729 1618 769 1660 ret
779 1618 835 1659 tota
850 1610 1035 1672 magistr-ma
1054 1617 1155 1661 tantum
1166 1610 1260 1660 Mundi

161 1688 261 1737 exitum
285 1688 414 1737 Cleander
440 1688 543 1737 babuit:
570 1685 643 1750 qussi
664 1685 690 1733 iu
728 1686 1104 1748 regeretpruslentiasensum,
1120 1688 1260 1737 Nooessst

161 1780 212 1815 auo
224 1766 267 1814 illo
284 1766 354 1814 vetos
371 1764 531 1814 ambitiosius
546 1768 691 1813 ostentaret
728 1762 807 1809 statio
817 1764 963 1821 terris,uou
975 1761 1087 1811 ambitus
1098 1762 1187 1822 astris,
1200 1762 1261 1811 He·

162 1841 392 1902 Naturalrnmana,
405 1853 479 1902 posse
494 1852 527 1887 ex
539 1836 624 1885 intimo
635 1837 692 1884 loco
728 1844 849 1901 rerutque
867 1850 948 1898 vagus
971 1837 1095 1897 Mundus,
1113 1837 1258 1900 standoque

162 1914 196 1965 ad
213 1930 360 1978 supremum
380 1914 510 1976 fastigium
528 1912 601 1962 evelti
611 1910 692 1959 bomi-
728 1914 835 1975 rigeret,
847 1913 903 1963 Neo
914 1928 961 1962 sua
971 1914 1110 1976 dispositos
1123 1921 1261 1962 servarent

162 2005 232 2053 nem,
244 2000 321 2055 atque
332 1997 453 2040 erectum
472 1989 532 2038 dein
544 2001 630 2036 rursus
647 1986 691 2035 de·
727 1988 815 2037 sidera
824 2003 926 2051 onrsos,
943 1988 1056 2052 Noxque
1074 1989 1174 2037 aloerna
1188 1988 1259 2036 diem
1303 2046 1307 2053 ι

164 2067 274 2127 turbari,
290 2065 434 2131 quamlibet
452 2064 547 2128 exiguo
565 2063 691 2126 stqnein·
727 2061 840 2127 ingeret,
867 2078 1020 2127 rursumque
1050 2060 1163 2133 tisgsrst.
1198 2063 1259 2111 Nou

160 2150 267 2207 sperato
277 2142 391 2193 fortunae
401 2148 540 2190 momento.
571 2138 692 2189 AdiHe·
727 2139 825 2189 imbres
845 2141 946 2189 alerent
973 2146 1065 2199 tems,
1083 2152 1135 2187 non
1162 2136 1261 2186 amors

163 2222 297 2271 rodiannm
305 2220 428 2269 Historic.
437 2218 504 2267 libro
512 2218 603 2281 primo.
617 2218 692 2266 idem·
728 2216 809 2276 santi,
827 2217 888 2265 Non
911 2216 1010 2264 Pontos
1030 2213 1151 2277 gravidas
1169 2212 1260 2269 nubes,

193 2298 263 2347 Dum
282 2312 307 2347 se
325 2297 361 2346 eis
386 2294 511 2345 dissimiles
529 2295 691 2343 studentem
728 2305 779 2339 uon
799 2289 903 2341 flamina
923 2291 1048 2351 Pontum,
1071 2289 1129 2337 Nee
1151 2289 1261 2351 peluem

162 2388 218 2437 quos
228 2372 337 2434 mneos]
360 2372 431 2421 Dum
447 2368 455 2396 ‘
468 2383 500 2417 ex
512 2367 575 2415 sitio
586 2365 690 2415 alterius
727 2365 830 2417 fontes:
847 2382 895 2416 nee
906 2373 988 2416 staret
999 2378 1097 2413 somma
1113 2376 1160 2427 per
1171 2376 1260 2412 omnes

163 2443 404 2497 emendantsunm.'
430 2442 497 2493 Pub.
509 2441 597 2505 Syrus.
615 2440 690 2489 Idem.
728 2442 782 2491 Par
792 2456 895 2505 semper
906 2451 993 2506 partes
1011 2454 1086 2504 oeqrro
1104 2438 1262 2501 digestans·

198 2523 264 2573 Ordo
277 2522 341 2579 ¹euim
356 2520 451 2583 quidam
462 2522 545 2567 casem
560 2514 693 2578 complecti·
729 2522 814 2579 rente‚
824 2518 861 2566 Ut
872 2531 957 2581 neque
965 2515 1109 2565 delicerent
1118 2514 1262 2575 nudas,uao

163 2598 214 2661 tar]
233 2598 434 2651 meursiusltb.
447 2610 475 2646 v.
486 2592 692 2657 Debeo-gestis
730 2594 817 2644 sidera
834 2594 916 2655 nobis,
934 2592 991 2642 Neo
1010 2591 1110 2641 Gelam
1126 2591 1263 2653 justoma·

164 2673 307 2735 Alexandri
325 2674 431 2735 Magni:
459 2672 592 2722 ‘Eludant
620 2670 691 2731 licet,
725 2670 802 2734 jnsve
823 2669 941 2717 minusve
963 2668 1073 2716 volaret.
1102 2666 1193 2714 Motus
1214 2666 1262 2721 alit

164 2752 257 2815 quibus
267 2750 333 2801 forte
344 2764 373 2800 ac
386 2760 483 2799 tenuere
494 2751 605 2799 humana
614 2762 692 2811 nego·
730 2761 781 2795 non
793 2752 877 2795 mutat
887 2759 966 2809 opus:
982 2744 1021 2792 sie
1032 2741 1118 2792 omnia
1130 2747 1187 2789 toto
1198 2741 1261 2790 Dis·

164 2828 201 2876 tia
212 2828 280 2876 volvi
293 2828 384 2890 agique
394 2840 544 2888 persuasum
554 2832 607 2873 est:
620 2822 693 2887 equi·
731 2830 840 2885 pensats
854 2827 962 2869 moueat
980 2818 1088 2880 Mundo,
1110 2817 1261 2866 Dominum·

163 2904 224 2953 dem
246 2910 346 2951 aterna
366 2901 552 2950 constitutione
574 2898 694 2948 credide·
732 2894 954 2961 quesequuntor.'
973 2893 1060 2941 Vallis.
1150 2929 1154 2935 .

163 2980 212 3028 rim
223 2991 343 3041 nexuque
359 2990 493 3027 causarum
503 2974 650 3033 latentium,
666 2981 694 3021 et
764 2971 870 3021 Sami
885 2972 966 3017 sidau
978 2966 1071 3030 wera]
1090 2964 1216 3013 Prudent.
1233 2964 1262 3013 iu

162 3054 246 3103 multo
259 3059 321 3102 ante
328 3053 514 3101 destinatarum
526 3063 694 3112 stirsmqneru-
732 3051 872 3115 Psycbom.
890 3047 998 3097 ‘Sidera
1010 3057 1076 3109 paee
1092 3044 1191 3105 rigent,
1200 3055 1262 3090 eon.

163 3146 215 3194 que
226 3128 343 3178 ordinem
355 3127 504 3176 immutabili
515 3127 574 3189 lege
589 3139 694 3189 pereur-
731 3128 826 3176 s'sstunt
836 3132 922 3173 terrea
933 3136 1006 3185 pace,
1018 3120 1063 3169 Nil
1072 3117 1195 3181 placitum
1205 3117 1262 3165 siue

164 3204 243 3257 rere)
265 3204 340 3253 Idem.
525 3223 529 3235 ·
733 3217 800 3267 paee
817 3201 882 3250 Deo'
899 3198 1019 3248 Caecilius
1031 3193 1100 3258 apud
1111 3193 1178 3241 Min.
1195 3192 1262 3241 Feli·

195 3277 568 3345 'Apymtood'ialradrmtlsbu
583 3274 695 3326 berdm’
733 3292 806 3329 oens:
833 3275 923 3329 ‘Quid
939 3272 1010 3338 qnod
1028 3271 1080 3321 toti
1089 3269 1148 3319 orbi
1166 3275 1196 3318 et
1209 3268 1262 3331 ipsi

164 3356 295 3422 immissu]
313 3356 344 3405 Id
356 3363 407 3415 est,
417 3356 425 3383 ‘
434 3352 548 3405 Difficile
559 3355 615 3402 hae
630 3352 695 3401 milii
733 3355 830 3404 mundo
846 3367 905 3403 cum
916 3347 1044 3399 sideribus
1057 3345 1109 3395 suis
1130 3344 1263 3393 minantur

165 3442 195 3484 nt
206 3433 386 3483 omnisdirina
396 3428 543 3494 explicare?
558 3429 670 3479 Bemrs
733 3428 891 3487 incendium,
909 3425 1008 3473 ruinam
1026 3419 1176 3479 moliuntur,
1187 3417 1262 3481 qnasi

197 3510 281 3573 Neque
288 3506 451 3569 mmswtsi]
468 3504 592 3554 Manilius
601 3504 644 3553 lib.
654 3516 693 3551 ιν.
734 3512 778 3555 ant
788 3510 890 3553 natnrsa
907 3498 1001 3549 divinis
1017 3495 1119 3558 legibus
1133 3492 1261 3543 eonstitu-

166 3584 341 3635 ‘ostendisse
357 3583 442 3631 Deum
456 3581 531 3630 nimis
548 3587 604 3629 est:
621 3578 695 3628 dedit
733 3585 898 3630 tusaeternus
910 3574 973 3625 ordo
983 3572 1111 3633 turbetur,
1123 3574 1168 3619 sat
1185 3573 1262 3632 rupto

165 3662 222 3725 ipse
240 3659 345 3709 sibimet
362 3658 499 3708 Poudera:
527 3670 575 3707 uec
596 3653 636 3705 fas
655 3662 696 3704 est
733 3644 1155 3706 elementommomniusuftedere
1172 3653 1262 3695 stess-

166 3736 243 3785 rebus
262 3734 420 3798 suspendere
442 3733 577 3784 Mundum·
608 3731 695 3781 Rebus
733 3732 791 3785 lesti
808 3742 934 3792 compage
949 3726 1033 3776 divisa
1044 3722 1192 3785 moleslsts,
1208 3736 1262 3786 qua

166 3814 234 3863 emm
244 3810 346 3876 major!
362 3810 448 3861 msam
734 3806 897 3860 sentinemus
913 3809 942 3852 et
958 3800 1093 3863 cingimur,
1103 3794 1261 3847 subruatur?

198 3888 293 3938 Mera.
314 3900 354 3935 vr.
387 3886 418 3935 st
440 3886 487 3947 sis,
503 3884 557 3947 tro]
585 3885 695 3935 carmon
734 3881 819 3931 mim.

165 3964 234 4013 istud
247 3964 329 4026 magis
339 3972 366 4011 et
377 3962 456 4024 magis
476 3960 644 4009 illustraveris
662 3974 695 4007 ex
766 3957 895 4019 Nusquam
923 3949 1029 4011 maiduno]
1045 3949 1105 3997 Seu.
1125 3946 1153 3995 in
1178 3944 1262 3995 Here.

167 4038 442 4101 Aruob.lib.1.Apul.
457 4034 696 4097 DeMsiudo,bae·
734 4032 790 4081 (Et.
819 4045 858 4079 ss.
886 4030 959 4077 1⁵84.
991 4024 1082 4071 ‘Ante
1117 4020 1263 4069 descendet

166 4120 234 4165 tant.
244 4114 289 4163 lib.
301 4127 333 4163 rr.
346 4113 410 4163 lust.
420 4126 478 4175 esp.
488 4117 514 4160 5.
532 4110 610 4159 Idem.
735 4104 852 4169 glacialis
863 4104 936 4152 Urs·
947 4099 1035 4161 Sidus,
1046 4103 1075 4147 et
1084 4104 1165 4161 ponto
1176 4097 1261 4149 vetito

199 4185 528 4249 &obcelet-iureiurando]
545 4184 695 4234 lloototurn
734 4179 847 4241 fruetur,
873 4180 957 4231 Quam
979 4182 1037 4225 tues
1059 4173 1148 4223 laudes
1171 4173 1260 4237 populi

166 4280 270 4317 carmen
283 4280 344 4316 saue
361 4272 488 4327 sanctum,
508 4260 696 4325 eoeleste,disi·
734 4254 887 4322 quiescant!
911 4250 1261 4304 Pulcrectsuoisuustnui-
