3184 4959
295 405 360 471 tou
637 419 745 471 uorm
768 419 967 471 vunrottuu
995 419 1034 470 rrt

296 563 412 626 anysium
423 563 537 627 gentium
556 555 683 625 quondum
699 571 824 613 terrorem
860 570 976 613 sternere
987 571 1078 613 ventas
1088 563 1174 614 humi!
1191 565 1263 613 Idem.

298 639 415 688 Corinthi
444 640 570 689 litterario
602 640 663 689 ludo
694 639 824 703 praefecit.
895 641 1059 704 Humilemque
1067 641 1135 705 cicli]
1147 643 1238 691 Senec.
1251 642 1276 689 in
1284 641 1388 704 Thyesl.

297 714 366 762 Hac
386 713 593 765 Adramittennrn
615 717 770 767 Andriorum
799 718 825 766 in
864 710 954 768 vs.'3⁵.
985 719 1088 766 ‘Mirer
1106 733 1140 767 ex
1161 724 1265 780 potente
1284 717 1339 776 liat,
1355 731 1388 766 es

297 786 404 837 fullonia
412 799 500 839 natum
511 791 544 840 ob
555 792 770 856 Pseudophilippi
781 808 825 842 no·
863 794 957 841 misero
969 801 1070 855 puteus,
1079 794 1222 856 Fluctuque
1232 807 1336 856 regnum
1346 805 1389 840 cu-

299 865 473 914 meneverrit:
500 874 528 914 et
539 867 630 915 Persei
642 868 785 930 legitimum
796 865 825 915 li-
863 867 1121 918 susadsiduoferat.’
1139 869 1213 917 Idem.

299 940 361 988 lium
377 949 458 988 artem
470 939 602 990 terrarium
613 943 647 991 ob
658 942 825 1006 quarendum
895 944 938 993 Sic
949 946 990 993 illa
1002 943 1074 1006 ludit]
1104 944 1135 993 ln
1157 945 1238 992 Prusa
1250 957 1306 1005 seq.
1326 943 1389 991 For·

300 1017 389 1065 docuit
408 1017 513 1066 victum.
558 1017 654 1066 Eadem
677 1019 826 1067 Mancinum
864 1029 926 1069 tuna
937 1020 970 1068 de
990 1033 1018 1068 se
1038 1020 1109 1082 ipsa:
1139 1020 1226 1068 ‘Hac
1246 1025 1335 1068 nostra
1353 1020 1390 1066 ris

300 1098 359 1154 post
377 1091 512 1154 imperium
533 1092 708 1153 Numantinis,
717 1102 719 1107 '
729 1108 828 1143 summa
864 1101 914 1156 est,
924 1096 990 1144 lmnc
1001 1095 1148 1144 continuum
1160 1095 1247 1143 ludum
1262 1093 1392 1144 ludimur!

302 1168 440 1217 atrocitate
467 1170 604 1218 Veturium
632 1176 658 1218 et
691 1169 827 1218 Claudium
866 1171 972 1219 ‘Ludus
984 1169 1113 1220 fortuna!
1140 1171 1307 1221 Cassiodorus
1318 1171 1391 1221 lib.1.

301 1243 389 1305 Corsis
405 1243 555 1303 substravit,
576 1242 677 1294 feritati
696 1245 829 1306 Carthagi·
866 1246 930 1295 Var.
943 1246 1026 1308 Epist.
1036 1249 1062 1296 l.
1079 1246 1159 1294 ‘Non
1171 1244 1254 1308 fragili
1265 1244 1391 1296 felicitate

301 1318 342 1366 nis
353 1317 498 1382 Regulum:
524 1321 596 1368 istius
607 1319 742 1384 iniquitate
754 1320 830 1368 Pom·
866 1327 1014 1383 provectus,
1031 1318 1142 1369 fortunae
1162 1320 1223 1369 ludo
1242 1323 1273 1369 ad
1291 1321 1391 1384 apicem

302 1393 829 1458 peius,postquaesitumlllagniexrernm
866 1394 974 1443 tascium
1008 1396 1150 1458 repentinis
1189 1396 1392 1446 successionibus

302 1479 432 1536 gestarum
442 1473 613 1536 amplitudine
625 1479 830 1535 cognomentum,
867 1468 997 1519 evolavit!
1029 1470 1121 1522 Horat.
1142 1485 1162 1521 r.
1182 1472 1268 1522 Carsu.
1290 1472 1342 1522 Od.
1367 1475 1393 1521 2.

303 1546 337 1595 ad
354 1549 496 1610 spadonum
518 1548 649 1597 libidinem
667 1551 694 1597 in
717 1550 830 1612 AEgypto
866 1544 1115 1609 ‘chnimislongo
1131 1547 1226 1596 satiate
1239 1547 1326 1598 ludo:'
1342 1563 1393 1612 qrto

303 1623 459 1673 trucidatur.
502 1625 537 1674 Et
554 1625 642 1674 Eunus
663 1624 767 1690 qnidam
789 1639 829 1672 er·
869 1619 1054 1671 iulocolrrdum
1067 1607 1183 1684 prohelio
1198 1627 1295 1688 posuit.
1320 1627 1394 1676 Idem·

304 1699 455 1761 pertulerim
465 1713 554 1748 servus
572 1700 689 1750 ductavit
706 1702 731 1749 in
743 1699 831 1749 Sicilia
902 1697 1022 1747 Monstrat
1040 1701 1167 1764 cuculum]
1192 1701 1225 1748 B.
1246 1701 1356 1763 August.
1376 1701 1394 1752 l.

304 1773 436 1836 largitivos.
462 1776 831 1839 Quamsplendidolocomul·
870 1785 932 1822 xxr.
949 1773 991 1821 De
1004 1773 1059 1823 Cir.
1071 1773 1235 1838 Deicap.18.
1267 1777 1393 1825 ‘illorum

305 1850 327 1897 ri
340 1851 405 1910 nari,
416 1852 506 1900 eadem
522 1867 603 1900 rerum
622 1853 830 1902 Domimconnt.
870 1863 972 1913 qrroque
989 1849 1167 1899 miraculorum
1188 1850 1327 1900 multitudo
1345 1852 1396 1914 syl·

307 1932 393 1987 vente,
402 1925 498 1974 viriati
507 1941 591 1989 genna
601 1929 779 1990 snntumplexi
792 1928 832 1977 vel
871 1924 962 1985 vescit,
981 1939 1038 1988 quae
1059 1933 1181 1988 utonstra,
1203 1932 1313 1987 ostenta,
1336 1940 1394 1990 por·

306 2001 444 2060 Spartaci?
467 2008 530 2064 quot
542 2002 630 2064 capita
641 2018 699 2066 qnae
710 2004 832 2052 horruere
870 2005 954 2060 tenta,
970 2000 1089 2063 prodigia
1108 2011 1295 2066 nuncupantur.
1328 2004 1394 2054 Quae

307 2082 406 2137 gentes,
433 2074 530 2124 funesti
556 2077 691 2126 carnifices
719 2079 834 2127 abscide·
871 2075 986 2123 recolere
1005 2084 1033 2123 et
1051 2090 1250 2126 commemorare
1268 2079 1290 2126 si
1309 2079 1396 2139 aelim,

308 2151 384 2198 runt?
402 2150 478 2199 Alter
489 2151 515 2198 in
526 2152 628 2201 vincula
644 2154 756 2215 ducitur,
767 2156 834 2204 altor
871 2148 945 2212 hujus
956 2149 1042 2212 operis
1054 2151 1110 2215 quir
1121 2153 1172 2201 erit
1187 2152 1259 2203 finis?
1276 2154 1396 2202 Monstra

307 2223 446 2287 insperatas
467 2224 608 2288 proficitur
625 2229 759 2290 potestati,
770 2230 835 2276 alius
872 2221 932 2273 sane
948 2227 1019 2274 dicta
1037 2228 1174 2289 perhibent
1192 2229 1397 2290 autumnando,

307 2315 439 2349 asumma
456 2301 567 2351 culmino
585 2303 719 2365 dignitatis
735 2306 835 2354 excuti·
872 2300 941 2365 quod
974 2301 1071 2365 aliquid
1098 2303 1264 2366 significando
1293 2303 1396 2352 demon-

308 2387 358 2425 tur.
391 2377 457 2428 Quae
475 2380 592 2428 omnini
613 2381 680 2431 scire
701 2383 835 2446 qumquam
873 2382 972 2426 otrent:
998 2385 1026 2424 et
1044 2385 1148 2427 ostenta
1169 2380 1200 2427 ab
1221 2377 1398 2439 osteudend03

310 2454 372 2501 velit
384 2468 459 2517 qnam
472 2456 542 2504 varia
553 2463 611 2505 suut
622 2465 649 2505 ct
661 2458 836 2519 msidna,are·
874 2459 901 2500 el
922 2458 1044 2520 {mrtem
1062 2467 1078 2502 ἃ
1097 2453 1285 2516 Ρθΐῑθῦᾶθΰΰῡ,
1303 2455 1328 2504 ld
1349 2462 1398 2515 0³¹2

310 2544 400 2580 narum
419 2546 552 2581 numerum
574 2533 642 2581 idern
660 2533 789 2596 desipiens
808 2541 836 2584 et
874 2531 1106 2595 praeostendendo3
1133 2538 1161 2580 et
1182 2533 1300 2594 prodigia
1328 2531 1397 2595 qnod

310 2607 436 2654 montium
459 2607 574 2669 pondera
591 2608 702 2656 scrutari
726 2609 837 2670 poterit!
875 2622 952 2669 porro
969 2607 1066 2668 dicant,
1084 2607 1110 2655 id
1131 2614 1182 2668 est,
1200 2607 1290 2656 futtuo
1305 2607 1398 2673 praedi·

312 2682 409 2731 Confer
426 2697 484 2732 curn
503 2683 541 2730 his
558 2683 683 2745 insignem
702 2683 785 2731 locum
804 2683 836 2731 de
875 2680 954 2729 cant!
986 2682 1028 2729 De
1051 2681 1148 2728 duobus
1169 2682 1338 2731 ostentorum
1356 2697 1398 2746 ge·

311 2771 398 2805 rerum
416 2758 589 2806 humanarum
602 2758 781 2817 inconstantia,
793 2759 838 2822 qui
875 2757 978 2806 neribus
990 2749 1048 2806 ride
1060 2759 1088 2806 L.
1100 2761 1139 2805 88.
1150 2755 1177 2804 ff.
1190 2758 1222 2804 de
1234 2759 1267 2806 V.
1278 2759 1305 2807 S.
1322 2759 1398 2808 Idem.

311 2839 352 2881 est
364 2832 431 2895 apud
442 2833 576 2880 Philonem
589 2832 655 2881 libro
666 2833 699 2882 de
715 2833 838 2897 Josepho.
912 2833 965 2882 Una
976 2838 1065 2881 stralus
1073 2831 1166 2892 ursello
1177 2831 1245 2894 horo]
1269 2833 1359 2882 Seuec.
1372 2834 1399 2882 iu

312 2909 396 2958 Porro
407 2923 440 2956 ex
452 2909 568 2972 pluribus
580 2909 604 2957 iu
619 2909 740 2958 Fortunae
751 2909 840 2972 p'oten·
876 2908 983 2971 Hippoi.
999 2923 1036 2957 vs.
1054 2911 1125 2958 ltsu.
1157 2909 1255 2956 ‘Volat
1274 2907 1400 2970 ambiguis

314 2984 375 3032 tiam
387 2983 620 3047 Epigrammatibns
632 2984 774 3033 adscribam
790 2986 840 3035 hoc
878 2988 983 3036 Mobilis
993 2988 1039 3035 alis
1056 2987 1127 3034 hora.
1160 2985 1401 3036 NeculliPraeatat
1479 2971 1482 2976 ¹

314 3059 371 3109 loco
381 3059 484 3108 unicum
495 3060 612 3122 Luciani,
623 3060 690 3124 quod
700 3068 772 3110 extat
781 3063 807 3109 in
820 3075 839 3110 t.
879 3064 954 3112 velox
964 3059 1067 3112 sottum-s
1076 3060 1173 3111 'fidem'
1188 3062 1263 3110 idern.

312 3135 423 3184 'Anthol
436 3136 478 3185 tit.
489 3134 521 3184 εἰς
530 3135 621 3196 rime:
638 3137 758 3186 nmndrh
767 3138 842 3198 δαιμό-
912 3138 1033 3186 Paossi.
1045 3140 1106 3186 Cum
1115 3140 1139 3184 le
1148 3137 1232 3184 matria
1241 3129 1401 3184 ensleroNa-

314 3227 361 3258 νων
371 3209 475 3272 δύναται,
492 3209 537 3273 κᾷν
553 3211 569 3268 ἦ
585 3209 709 3274 παράδοξα·
734 3211 792 3260 ’roho
806 3230 841 3271 μι-
879 3217 933 3259 lura
953 3213 1075 3274 produxit,
1099 3213 1185 3258 trudam
1204 3213 1272 3258 rebus
1287 3210 1402 3273 omuibus]

316 3282 666 3347 mosodsuwospeydma
674 3284 778 3346 κατάγει.
796 3287 842 3335 Kal
879 3284 1401 3334 Moesiacorum.Fluanonnanemvo-

315 3363 843 3429 aodrhoippoqmlfhnuposmmum,
881 3360 1013 3407 eulamea.
1049 3358 1190 3405 Hisautem
1203 3356 1402 3407 Boetianisfere

318 3439 484 3503 stercoremus
494 3438 682 3504 mausum
696 3456 734 3489 aar
744 3441 843 3507 παρέχῃ,
880 3433 1008 3496 gemiuum
1026 3432 1088 3480 illud
1108 3431 1141 3481 0.
1159 3431 1248 3478 Sereni
1263 3433 1350 3494 capite
1361 3437 1402 3483 aa.

318 3513 430 3577 Oldpdoe,
439 3516 466 3562 od
476 3513 587 3577 μαλάχην
596 3514 680 3577 ἄνεμός
688 3535 755 3578 rore,
763 3517 807 3566 τὰς
818 3517 844 3566 δὲ
880 3510 920 3559 ‘N
925 3510 1001 3558 udum
1010 3509 1134 3557 homiuem
1143 3507 1253 3570 primum
1262 3509 1404 3560 materNa·

321 3586 845 3652 mla-resutdpdsshrnardrovsohrxmt
881 3593 939 3635 tura
960 3581 1102 3649 profundit,
1122 3585 1232 3648 Insuper
1253 3585 1405 3635 excruciat!

318 3660 437 3721 κατάγειν.
469 3663 545 3714 Quod
554 3659 591 3711 sic
602 3664 627 3711 in
640 3666 745 3715 Latinos
756 3682 844 3716 versus
883 3665 957 3712 idem.

319 3737 451 3787 transtulit
463 3736 494 3785 e.
506 3737 707 3789 Ritterstmstus:
735 3741 844 3792 ‘Adrnt
915 3738 984 3785 Nene
1005 3735 1065 3785 mili
1084 3736 1204 3785 retrahere
1221 3751 1314 3786 nemu
1334 3737 1404 3801 tiles]

320 3812 401 3863 tanda
412 3813 482 3861 valet
493 3812 581 3860 ludens
592 3812 707 3862 Fortuna
721 3825 843 3878 patrare:
881 3811 949 3860 Pub·
961 3812 1053 3874 Syme:
1067 3811 1159 3860 ‘belle
1170 3820 1210 3860 eet
1221 3813 1340 3874 Fortuna,
1349 3813 1405 3861 cllo

322 3889 456 3955 Deprirnit
467 3890 556 3949 elatos,
569 3889 638 3938 tollit
657 3891 689 3939 ad
701 3893 755 3941 alta
765 3895 845 3943 hnmi-
883 3888 1003 3949 reposcit,
1012 3887 1079 3950 quod
1092 3886 1182 3936 dedite
1197 3887 1230 3936 Et
1240 3887 1313 3934 alibi:
1325 3887 1404 3935 ‘For-

321 3968 369 4017 tea.
402 3967 452 4016 Illa
473 3964 637 4029 strpercitiuro
656 3980 686 4015 aa
705 3964 799 4016 tastum
818 3975 846 4018 et
882 3969 945 4011 runa
956 3976 1002 4010 usu
1013 3962 1068 4022 det,
1078 3962 1213 4023 mancupia
1223 3961 1301 4010 atriu:
1316 3960 1389 4013 Idem.

321 4041 371 4089 tibi
394 4041 556 4103 comprimet,
577 4041 633 4090 auri
652 4042 774 4092 eramris
789 4044 845 4107 jam
919 4036 1085 4098 Urusalieru's]
1109 4036 1217 4084 Maximi
1231 4040 1352 4087 momenti
1364 4047 1407 4090 est

325 4118 368 4167 det
380 4119 418 4166 uti
429 4115 534 4166 flumina
553 4119 630 4181 plena
649 4116 738 4168 fluant.
771 4121 846 4184 Arpi·
884 4115 949 4164 hice
962 4113 1120 4178 philosophia
1130 4112 1216 4161 Stoica
1232 4114 1313 4176 locus,
1331 4129 1406 4180 quem

323 4196 362 4244 cis
383 4201 413 4241 ut
439 4195 523 4243 soleat
549 4209 660 4257 quercus
680 4197 847 4262 platanusque
884 4193 1013 4256 precipue
1025 4190 1134 4237 inertlcat
1153 4189 1300 4252 Epictetus,
1317 4192 1405 4241 ‘uum

322 4275 456 4338 proceras,
477 4271 534 4319 Non
547 4272 654 4321 maleam
672 4281 718 4323 aut
731 4274 848 4337 juncum,
885 4274 1000 4317 nostrum
1013 4279 1067 4314 eoae
1079 4262 1145 4327 quod
1157 4271 1292 4315 externum
1303 4267 1354 4317 sit.'
1380 4266 1407 4315 lr
