3184 4959
315 411 384 481 380
659 426 812 476 norrun
837 428 885 477 nn
909 419 1064 477 consor:

316 573 419 636 ullum
432 571 598 636 libertatis
608 570 793 636 arbitrium.
813 569 916 641 ,Nam
928 571 958 634 ui
972 575 1093 635 cuncte
1102 566 1267 651 prospicit
1280 568 1406 644 Deus,¹

314 693 423 756 neque
436 673 508 737 fulli
537 673 605 738 ullo
634 672 736 736 modo
761 677 886 754 potest,
915 673 1046 736 evenire
1073 688 1211 735 necesse
1236 676 1287 733 est
1314 668 1405 752 quod

315 774 533 838 Providentia
546 773 691 837 futurum
711 791 787 837 esse
810 773 1011 856 praeviderit.
1055 772 1168 850 Quare
1182 772 1211 835 si
1227 772 1269 834 ab
1286 777 1407 835 aeterno

313 895 381 941 non
394 874 483 940 facta
494 875 666 940 hominum
676 876 789 953 modo,
801 876 859 939 scd
871 876 975 940 etiam
986 876 1137 953 consilia,
1150 876 1406 955 voluntatesque

313 979 501 1059 praenoscit,
513 978 603 1041 nulla
612 979 675 1041 erit
688 977 816 1041 arbitrii
823 977 978 1042 libertus:
998 976 1202 1059 nequeenim
1217 976 1267 1039 vel
1278 974 1404 1039 sectum

314 1078 405 1141 uliud
433 1079 550 1155 ullum,
574 1079 628 1141 vel
653 1078 812 1160 quaelibet
834 1078 979 1143 existere
1002 1076 1126 1160 poterit
1149 1075 1317 1155 voluntas,
1339 1075 1406 1141 nisi

313 1198 415 1261 quam
431 1178 547 1243 nescia
569 1179 642 1243 falli
664 1179 885 1245 Providentia
909 1178 1020 1243 divina
1044 1180 1270 1261 praesenserit.
1315 1176 1407 1243 Nam

315 1280 346 1345 si
362 1299 418 1345 ree
439 1280 597 1346 aliorsum
607 1280 632 1319 ¹⁸
663 1299 764 1363 quam
784 1280 934 1361 provise
957 1288 1047 1357 sunt,
1070 1280 1260 1362 detorqueri
1283 1279 1405 1355 valent,

313 1400 380 1445 non
389 1382 460 1465 jum
474 1384 536 1446 erit
559 1382 665 1446 futuri
687 1380 785 1445 firma
806 1382 1042 1464 praescientia:
1075 1381 1136 1445 sed
1150 1382 1264 1464 opinio
1287 1382 1405 1465 potius

313 1483 461 1548 incerta:
495 1483 588 1567 quod
617 1484 659 1549 de
683 1485 759 1549 Deo
779 1482 874 1547 nefas
900 1482 1033 1548 credere
1046 1487 1072 1533 ¹⁹
1100 1482 1228 1565 judico.
1283 1481 1405 1568 Neque

314 1585 402 1649 enirn
416 1585 507 1649 illum
521 1586 628 1668 probo
642 1588 829 1650 rationemy
862 1605 929 1668 que
952 1584 1141 1669 sequidem
1164 1585 1301 1649 credunt
1318 1585 1405 1651 hunc

312 1686 508 1767 quaestionis
522 1688 644 1752 nodum
658 1707 762 1770 possa
777 1687 970 1775 dissolvere.
1013 1686 1120 1751 Aiunt
1134 1687 1232 1763 enim,
1247 1707 1314 1750 non
1327 1686 1403 1751 ideo

312 1784 394 1869 quid
409 1794 521 1851 esse⁸⁰
547 1795 750 1867 eventurum,
775 1790 935 1872 quonium
960 1789 995 1853 id
1021 1786 1237 1853 Providentia
1259 1787 1405 1851 futurum

312 1906 389 1951 esse
416 1890 646 1972 prospexerit:
679 1890 739 1955 sed
764 1910 784 1954 e
808 1891 973 1955 contrario
995 1890 1117 1972 potius,
1141 1889 1299 1971 quoniam
1322 1888 1404 1971 quid

312 1989 458 2054 futurum
474 1996 534 2068 est,
560 1992 595 2055 id
610 1990 759 2056 diuinam
775 1990 1024 2056 Providentiam
1048 1992 1150 2056 latere
1168 2009 1233 2053 non
1248 1991 1377 2074 possit:
1392 1998 1402 2027 ¹

315 2108 423 2172 eoque
439 2092 541 2156 modo
563 2094 790 2157 necessarium
816 2098 893 2171 est‚²
928 2093 992 2157 hoc
1017 2094 1049 2155 in
1073 2092 1273 2155 contrariam
1299 2090 1402 2155 relabi

311 2197 464 2273 partem!
509 2192 630 2276 Neque
652 2194 741 2257 enirn
760 2213 901 2259 necesse
921 2198 990 2257 est³
1014 2193 1206 2275 contingere
1231 2212 1307 2275 quae
1328 2210 1404 2275 pro·

312 2283 503 2359 videnturz'
518 2293 580 2358 sed
602 2312 740 2360 necesso
759 2300 825 2372 cst,
854 2314 929 2378 quae
953 2295 1062 2361 sutura
1089 2301 1205 2372 sunt*
1225 2292 1402 2377 provideri.

343 2474 357 2509 v
373 2466 430 2515 Nos
440 2467 492 2517 tuen
502 2468 710 2531 utiqutusuturuur
719 2470 780 2533 quod
789 2468 857 2519 Deua
867 2467 893 2518 u
900 2468 1061 2533 proeuuaerit,
1068 2469 1110 2518 sed
1121 2430 1202 2517 uuae
1214 2467 1292 2518 Deum
1303 2466 1329 2517 id
1341 2481 1404 2531 pru·

308 2530 407 2581 “edm
415 2534 526 2596 pmice}
533 2532 645 2593 sutum
652 2538 714 2584 erut.
1407 2568 1408 2573 ,

761 2627 852 2648 000000
855 2626 943 2647 100000

309 2705 470 2755 uictuma:
485 2707 572 2757 bene?
592 2708 746 2759 Vultu-lu
764 2710 866 2759 Credere
875 2707 943 2768 nefus
952 2707 1046 2770 Delph.
1059 2705 1212 2757 Beck—2⁰
1228 2707 1285 2755 Nou
1294 2720 1344 2756 eur
1351 2706 1405 2756 ideo

310 2770 366 2831 quid
376 2770 437 2820 edd.
448 2771 601 2821 eadem-1
619 2774 682 2821 Mes.
692 2781 719 2823 et
730 2772 791 2822 edd.
800 2772 917 2822 Norimb.
928 2772 1023 2833 Deiph.
1040 2769 1122 2819 Heck.
1139 2786 1184 2819 nou
1193 2775 1318 2832 porse-2
1335 2770 1403 2821 Ede.

309 2834 406 2897 Deiph.
418 2843 447 2884 et
458 2834 541 2886 Huck.
551 2837 675 2887 omittunt
684 2837 802 2887 voculam
812 2840 904 2887 eat-tt
922 2836 1024 2885 Necesse
1038 2849 1087 2885 esee
1101 2833 1160 2884 edd.
1180 2832 1338 2884 caueae-⁴
1357 2836 1404 2886 Ne·

801 2946 912 2998 NOTAE

342 3047 356 3073 ¹
372 3040 438 3091 Nun
452 3041 567 3094 uicum
574 3044 689 3109 prospicit
699 3045 838 3109 Deaeque]
876 3042 1104 3109 presentiumqne,
1116 3056 1204 3093 rerurn
1217 3039 1293 3093 etism
1302 3038 1402 3091 futuro-

310 3130 331 3166 ι.
340 3116 492 3167 Generatim
503 3122 626 3183 probetur
636 3122 764 3186 predicte
774 3137 837 3172 cun·
876 3134 932 3169 rum
941 3120 1062 3183 cognitio,
1073 3120 1094 3168 si
1105 3119 1160 3168 hoec
1175 3125 1283 3182 possunt
1298 3124 1343 3167 unt
1353 3132 1402 3168 uon

309 3190 399 3240 cordis
410 3206 461 3241 nun
477 3208 551 3255 posse
563 3202 649 3245 sture:
666 3198 727 3260 quie
736 3212 795 3245 eum
808 3197 838 3245 ii·
877 3194 991 3241 existere
1002 3200 1048 3241 aut
1063 3194 1122 3256 utic,
1131 3208 1206 3256 quam
1219 3208 1268 3257 qno
1280 3194 1402 3253 existunt,

310 3266 397 3316 bertus
414 3268 648 3331 hominisvirtoris,
668 3277 697 3320 ut
709 3270 765 3333 jum
782 3270 837 3318 dic·
876 3266 953 3315 modo
977 3266 1101 3329 existere,
1120 3267 1206 3316 diviua
1232 3269 1403 3319 Providentia

310 3348 365 3391 tour
380 3349 432 3402 est,
452 3349 480 3393 et
501 3344 666 3406 experienti·
677 3344 837 3409 quetidiana,
876 3354 927 3391 nun
939 3339 991 3389 erit
1002 3341 1143 3404 praecunia
1154 3342 1271 3405 evidens,
1284 3344 1400 3410 adeoque

308 3416 360 3481 ipsi
369 3416 487 3468 Ciceroni
495 3419 645 3483 ceterisque
656 3420 762 3483 paganis
773 3426 836 3470 unte
874 3420 958 3483 firme,
969 3426 997 3471 et
1008 3419 1064 3471 farri
1074 3421 1180 3482 uascin;
1197 3421 1242 3471 sed
1258 3424 1345 3488 potius
1356 3416 1402 3474 ubss

309 3492 486 3555 confirmetur,
497 3494 532 3543 sit
546 3492 656 3546 suauitas
671 3495 707 3546 ed
719 3496 834 3546 utrumli-
875 3511 960 3561 mure,
978 3496 1088 3559 incerta,
1112 3504 1141 3547 et
1162 3499 1244 3548 errori
1271 3500 1397 3560 obnoxiu

308 3568 366 3630 bet,
383 3576 524 3632 propterea
534 3571 605 3631 quod
617 3573 654 3623 itu
664 3571 838 3622 neeeeuriurn
874 3574 943 3640 quod
956 3573 990 3623 de
1001 3575 1059 3624 Deo
1072 3574 1188 3638 cogitare
1199 3574 1284 3625 nefas.

309 3650 359 3703 eet,
369 3649 399 3692 ut
416 3648 462 3692 eut
478 3642 634 3707 nullatenus,
645 3652 691 3695 eut
706 3659 758 3695 non
774 3646 836 3708 elio,
907 3655 918 3690 r
935 3648 1018 3709 Neque
1032 3649 1095 3697 euim
1110 3650 1177 3699 ittam
1189 3650 1262 3714 probo
1277 3650 1400 3716 manen,

308 3732 385 3783 quem
395 3733 446 3782 quo
453 3717 544 3767 existit
554 3719 640 3782 mode,
649 3719 763 3769 existere
774 3735 835 3785 pus·
874 3723 926 3787 ee]
940 3722 1065 3773 Boethius
1084 3724 1132 3775 sibi
1143 3726 1246 3789 objicit,
1257 3727 1326 3792 quod
1338 3742 1400 3777 uun·

309 3794 354 3856 ait,
373 3794 438 3846 illud
453 3793 550 3843 numiui
570 3808 621 3843 nou
640 3800 682 3843 ert
707 3794 834 3856 liberum
874 3798 938 3847 uuiti
949 3798 1107 3862 respondere
1125 3803 1209 3853 uolent
1224 3802 1257 3852 nd
1276 3801 1399 3853 tuendum

308 3871 426 3937 edeoque
443 3870 516 3921 eirea
529 3870 593 3921 illud
610 3871 681 3920 nullu
697 3877 740 3920 eut
754 3871 835 3935 ipsius
874 3872 1027 3937 predictum
1059 3878 1231 3940 concordiem,
1265 3876 1399 3942 videlieet,

307 3949 415 4001 hmini·
423 3948 540 3999 libertus.
572 3946 663 4011 Atqui,
673 3946 759 4011 positu
769 3946 835 3997 aivi·
874 3949 944 3999 ‘nen
960 3950 1071 4001 divinam
1087 3952 1279 4002 Providentiam
1296 3951 1397 4004 futuro·

308 4039 345 4075 ne
363 4023 541 4086 Providentia,
560 4022 645 4074 omme
660 4021 740 4085 faeta,
755 4021 835 4085 dicte,
874 4037 930 4074 rum
942 4032 1092 4090 eventuum,
1108 4026 1154 4076 sed
1170 4025 1273 4077 tuturus
1288 4036 1398 4080 evenant

309 4098 475 4164 cogitatuque
483 4097 592 4148 hominis
602 4098 676 4147 iture
685 4096 832 4150 habebunt:
874 4099 969 4151 divinae
981 4102 1158 4153 Providentiae
1168 4116 1222 4152 esee
1232 4118 1351 4155 canuam:
1365 4121 1422 4167 en,

309 4190 368 4227 cunr
377 4176 446 4226 enirn
462 4174 551 4224 divine
565 4174 735 4225 Providentia
744 4175 779 4225 eit
789 4176 834 4226 ho·
875 4190 926 4240 quo
945 4179 1070 4243 requitur,
1081 4178 1192 4229 divinum
1204 4179 1400 4233 Providentiam

308 4251 835 4316 momuiumnunrutnmpreteritorum,
875 4252 972 4319 putiuq
982 4268 1059 4319 quem
1068 4253 1184 4306 futurum
1199 4262 1329 4324 eventum,
1340 4272 1396 4309 ease
