3184 4959
308 380 373 445 1170
638 396 832 448 00000000
857 398 1068 448 sermonum

308 543 514 606 comentrico
530 537 742 621 expositione
755 538 896 606 feliciter
910 538 1049 625 incipit'
1092 538 1135 605 Et
1158 542 1192 606 in
1211 543 1275 607 tine
1287 544 1391 630 ‚hujus

306 639 443 721 legitur:
485 637 540 702 hic
570 637 654 704 liber
679 639 796 703 Boacii
825 639 868 704 da
900 640 1085 706 osolatione
1115 642 1328 728 philosophie
1357 645 1393 710 10

308 743 402 804 textu
416 739 522 803 latina
536 738 754 822 alemanican
769 740 881 822 lingua
893 740 1032 806 refertus
1047 761 1089 806 ac
1104 745 1253 808 translat⁹
1271 765 1336 809 000
1350 755 1392 809 00

308 845 474 924 apparatu
495 847 529 904 et
553 839 765 922 expositione
787 841 877 904 beati
898 840 1027 906 Thema
1050 843 1093 906 de
1107 842 1244 926 Aquino
1266 845 1392 909 ordinis

308 942 555 1025 predicatorum
576 941 648 1004 finit
668 940 809 1005 feliciter
831 959 921 1006 anno
943 942 1070 1007 domini
1091 961 1233 1010 mcccc.
1250 961 1392 1024 nxxrrr,

309 1057 443 1106 xxurr.
458 1043 579 1106 mensis
596 1041 692 1106 Julii.
739 1040 900 1107 Condidit
918 1043 983 1107 hoc
1005 1045 1091 1109 civis
1111 1046 1229 1109 alumis
1249 1045 1414 1118 Nurem-¹

307 1144 476 1225 bergensis
499 1163 586 1226 opus
602 1150 678 1209 arte
701 1163 764 1208 sua
779 1143 947 1209 Antonius
971 1145 1162 1229 Coburger!
1204 1146 1248 1210 Et
1269 1147 1393 1212 mediat

306 1249 423 1313 folium
438 1249 547 1313 album
561 1249 645 1313 inter
660 1250 840 1315 secundam
854 1257 981 1334 partem
1001 1270 1079 1333 quae
1092 1252 1211 1335 incipit
1223 1252 1320 1317 titulo
1335 1272 1392 1316 su-

307 1367 369 1432 pra
380 1350 499 1414 relato.
526 1348 565 1412 In
579 1348 643 1413 hac
658 1350 871 1433 praemittitur
882 1356 993 1416 textus
1009 1351 1144 1416 Boethii
1158 1371 1235 1436 pars
1242 1353 1390 1430 metrica,

308 1455 343 1513 et
356 1453 504 1534 sequitur
518 1450 706 1514 alternatim
722 1450 794 1533 ejus
808 1452 916 1517 versio
930 1451 1138 1518 Germanica.
1171 1451 1311 1536 Absque
1320 1453 1391 1519 ulla

308 1550 550 1634 subscriptione
564 1551 757 1615 terminatur
767 1551 851 1615 solio
861 1560 962 1616 *verso
973 1551 1036 1616 hac
1051 1552 1155 1616 linea:
1171 1554 1305 1617 ‘Boetii
1319 1552 1392 1637 plri-

306 1651 480 1733 losophice
505 1652 742 1718 consolationis
766 1653 854 1719 liber
878 1655 1015 1736 quintus
1040 1653 1204 1737 explicit!
1247 1653 1292 1718 Et
1316 1653 1394 1719 haec

307 1751 424 1816 ultima
437 1755 559 1836 pagina
573 1753 674 1818 babet
687 1756 741 1820 47.
755 1755 871 1820 110000.
914 1755 1037 1820 Primae
1051 1757 1139 1838 parti
1149 1755 1392 1839 praemittuntur

307 1868 342 1916 v.
357 1853 439 1918 folia
459 1855 589 1933 indicis,
613 1864 647 1920 at
669 1857 767 1941 hujus
792 1858 924 1941 paginae
944 1858 978 1920 in
998 1858 1170 1922 columnas
1193 1856 1391 1933 dividuntur,

306 1969 372 2016 non
397 1955 446 2018 ita
469 1975 546 2020 vero
571 1957 606 2019 in
631 1958 787 2022 0000060.
831 1957 930 2022 Caret
953 1959 1072 2039 signat.
1095 1977 1183 2020 num.
1206 1961 1240 2021 et
1262 1957 1390 2020 000106.

306 2053 485 2118 Character
498 2055 586 2120 idem
605 2065 659 2120 est
681 2077 722 2120 ac
737 2057 913 2121 bibliorum
928 2057 1027 2140 hujus
1041 2059 1179 2122 artificis
1193 2059 1270 2122 anni
1285 2056 1390 2122 1475?

307 2153 395 2218 Haec
410 2153 475 2219 ille.
505 2153 1388 2242 Ε6111000000160001473.011476.1600000010000;

304 2253 425 2318 iisdem
445 2273 565 2338 nempe
580 2257 670 2340 typis
693 2259 883 2340 impressae:
906 2257 1123 2341 Colophones
1138 2280 1217 2324 vero
1233 2259 1391 2343 quiddam

304 2356 444 2434 variant,
459 2377 563 2440 neque
576 2359 685 2422 versio
701 2359 903 2424 Germanica
916 2361 1088 2431 comitatur
1109 2362 1275 2444 exemplar
1294 2361 1388 2424 1476.

253 2529 257 2536 ¹
304 2453 423 2520 Ambae
439 2457 603 2522 editiones
618 2465 694 2522 0001
707 2460 739 2522 10
752 2459 964 2524 Bibliotheca
977 2459 1207 2554 Spenceriana,
1222 2460 1387 2543 posterior

304 2556 339 2618 in
354 2556 479 2622 Museo
496 2560 699 2623 Britannico.

314 2649 315 2653 ’
345 2657 477 2722 Boethii
493 2658 686 2723 Consolatio
702 2658 928 2743 Philosophiae
942 2681 1003 2744 per
1018 2661 1168 2724 Fratrem
1183 2661 1314 2723 Bonum
1327 2660 1351 2724 J
1352 2680 1389 2725 o·

302 2756 449 2834 bannem,
465 2758 645 2839 corrigente
659 2759 853 2835 Venturino‚
869 2761 986 2824 Priore
1002 2761 1155 2835 Sancum,
1172 2759 1306 2822 ditionis
1317 2761 1388 2824 Ge-

302 2858 448 2934 nuansis,
462 2859 556 2922 1474.
570 2861 637 2924 410.
661 2860 741 2924 Vid.
754 2860 843 2926 Abb.
859 2860 980 2925 Mauro
992 2862 1080 2924 Boni
1094 2861 1236 2936 Lettere,
1250 2862 1309 2925 lib.
1326 2879 1350 2924 r.

344 2957 483 3023 Poetam
499 2960 658 3024 celebrem
671 2947 824 3024 nostrum
837 2960 948 3026 Geoff.
963 2961 1114 3025 Chaucer
1126 2962 1168 3025 ad
1182 2960 1312 3026 Boethii
1327 2982 1387 3026 ex·

301 3059 446 3141 emplum
460 3060 501 3122 de
516 3060 754 3125 Consolatione
769 3061 997 3144 Philosophiae
1005 3061 1124 3126 librum
1138 3060 1279 3142 Anglice
1295 3081 1387 3125 com·

302 3163 457 3240 posuisse
471 3181 572 3243 supra
585 3183 620 3245 p.
635 3162 708 3226 564.
724 3167 817 3226 00101
832 3161 1018 3225 Fabricius.
1061 3160 1181 3225 Versio
1196 3169 1260 3240 est,
1280 3165 1385 3226 omni-

300 3278 345 3321 no
372 3261 540 3341 prosaica,
562 3263 727 3344 impressa
756 3281 776 3324 a
800 3261 943 3331 Caxton,
987 3261 1057 3324 The
1080 3261 1177 3324 Boke
1200 3261 1240 3324 01
1256 3261 1384 3326 Conso-

300 3361 404 3424 lation
419 3362 458 3424 01
474 3359 708 3445 Philosophie3
721 3367 790 3425 atte
805 3369 938 3443 request
949 3362 1018 3424 010
1032 3362 1177 3442 singular
1186 3362 1305 3425 Fricnd
1319 3363 1384 3426 006

301 3457 427 3525 Gessib
441 3462 481 3526 01
501 3483 596 3546 myne
618 3462 636 3526 1
656 3463 809 3527 William
821 3464 953 3531 Caxton
966 3463 1053 3527 have
1069 3462 1153 3526 6000
1165 3483 1221 3546 my
1233 3463 1384 3526 Debvoir

299 3562 364 3626 006
380 3562 495 3644 Payne
508 3563 696 3648 Tenprynte
710 3564 746 3628 11.
790 3565 866 3630 Fol.
880 3584 908 3626 0.
923 3583 955 3627 0.
978 3569 1077 3645 00001.
1092 3562 1199 3626 Lond.
1213 3562 1310 3627 1687.
1325 3562 1382 3626 101.

301 3658 466 3739 Quaedam
481 3663 581 3726 etiam
596 3663 629 3725 in
649 3663 817 3744 poematis
838 3665 909 3727 suis
929 3683 973 3726 ex
996 3662 1131 3726 Boethii
1153 3661 1288 3726 Consol.
1303 3661 1384 3726 Phi·

300 3763 432 3844 losopb.
459 3762 670 3826 adumbravit
685 3763 856 3843 Chauce13
878 3783 908 3826 0.
922 3783 952 3844 g.
968 3763 1009 3824 de
1035 3762 1325 3844 praedestinatione
1346 3764 1382 3826 in

300 3861 454 3932 ‘Troilus
469 3861 533 3926 and
548 3861 713 3926 Greseide'
735 3878 786 3925 ιν.
801 3861 976 3926 9661078.
991 3882 1034 3925 ex
1048 3862 1105 3925 lib.
1123 3880 1157 3924 v.
1173 3881 1220 3944 pr.
1234 3863 1266 3925 3.
1278 3869 1381 3925 0100-

298 3965 385 4027 tavit
400 3962 600 4047 Tyrwhittus
611 3963 645 4026 in
659 3962 775 4027 Gloss.
792 3962 836 4025 ad
852 3961 1012 4026 Chaucer.
1026 3985 1057 4028 r.
1073 3963 1181 4026 Boeee.

341 4064 437 4128 ldam
456 4083 541 4148 opus
561 4063 701 4142 Gallice,
724 4065 922 4146 impressum
939 4083 960 4126 a
974 4063 1094 4127 Colard
1111 4061 1275 4139 Mansion‚
1296 4062 1380 4126 Bru-

299 4166 541 4244 0101477101.
590 4168 668 4232 Hoc
693 4187 782 4251 opus
808 4167 1014 4249 splendidum
1042 4176 1095 4232 est
1120 4168 1153 4230 in
1176 4166 1380 4232 bibliotheca

298 4267 532 4348 Spenceriana,
547 4271 579 4331 et
595 4287 656 4334 suo
671 4269 745 4334 loco
761 4269 795 4332 in
808 4266 969 4349 catalogo
984 4265 1195 4335 describitur.
1274 4328 1277 4331 .
