<?xml version="1.0" encoding="UTF-8"?>
<!DOCTYPE html PUBLIC "-//W3C//DTD XHTML 1.0 Transitional//EN"
    "http://www.w3.org/TR/xhtml1/DTD/xhtml1-transitional.dtd">
<html xmlns="http://www.w3.org/1999/xhtml" xml:lang="en" lang="en">
 <head>
  <title>
</title>
<meta http-equiv="Content-Type" content="text/html;charset=utf-8" />
  <meta name='ocr-system' content='tesseract 3.04.00' />
  <meta name='ocr-capabilities' content='ocr_page ocr_carea ocr_par ocr_line ocrx_word'/>
</head>
<body>
  <div class='ocr_page' id='page_1' title='image "./deconsolationep00sciegoog_0096.png"; bbox 0 0 3184 4959; ppageno 0'>
   <div class='ocr_carea' id='block_1_1' title="bbox 285 393 1034 460">
    <p class='ocr_par' dir='ltr' id='par_1_1' title="bbox 285 393 1034 460">
     <span class='ocr_line' id='line_1_1' title="bbox 285 393 1034 460; baseline -0.003 -2"><span class='ocrx_word' id='word_1_1' title='bbox 285 393 352 460; x_wconf 73' lang='lat'><strong>438</strong></span> <span class='ocrx_word' id='word_1_2' title='bbox 634 408 740 456; x_wconf 78' lang='lat' dir='ltr'><strong>norm</strong></span> <span class='ocrx_word' id='word_1_3' title='bbox 766 407 969 456; x_wconf 77' lang='lat' dir='ltr'><strong>vsnronnn</strong></span> <span class='ocrx_word' id='word_1_4' title='bbox 996 410 1034 456; x_wconf 85' lang='lat' dir='ltr'><strong>rn</strong></span> 
     </span>
    </p>
   </div>
   <div class='ocr_carea' id='block_1_2' title="bbox 286 547 1404 3565">
    <p class='ocr_par' dir='ltr' id='par_1_2' title="bbox 286 547 1404 3565">
     <span class='ocr_line' id='line_1_2' title="bbox 286 547 1129 613; baseline -0.001 -13"><span class='ocrx_word' id='word_1_5' title='bbox 286 551 326 600; x_wconf 82' lang='lat' dir='ltr'><strong>Do</strong></span> <span class='ocrx_word' id='word_1_6' title='bbox 349 547 567 600; x_wconf 77' lang='lat' dir='ltr'><strong>Excusatiooibus</strong></span> <span class='ocrx_word' id='word_1_7' title='bbox 587 563 732 613; x_wconf 86' lang='lat' dir='ltr'><strong>munerum,</strong></span> <span class='ocrx_word' id='word_1_8' title='bbox 753 548 820 598; x_wconf 93' lang='lat' dir='ltr'><strong>libro</strong></span> <span class='ocrx_word' id='word_1_9' title='bbox 857 549 1034 613; x_wconf 78' lang='lat' dir='ltr'><strong>Epistxxvr.</strong></span> <span class='ocrx_word' id='word_1_10' title='bbox 1052 549 1129 599; x_wconf 80' lang='lat' dir='ltr'><strong>idern</strong></span> 
     </span>
     <span class='ocr_line' id='line_1_3' title="bbox 286 623 1390 688; baseline -0.001 -14"><span class='ocrx_word' id='word_1_11' title='bbox 286 625 397 674; x_wconf 87' lang='lat' dir='ltr'><strong>decimo.</strong></span> <span class='ocrx_word' id='word_1_12' title='bbox 412 625 487 673; x_wconf 77' lang='lat' dir='ltr'><strong>idon.</strong></span> <span class='ocrx_word' id='word_1_13' title='bbox 515 681 519 688; x_wconf 47' lang='grc'><strong>,</strong></span> <span class='ocrx_word' id='word_1_14' title='bbox 891 623 1025 688; x_wconf 62' lang='lat' dir='ltr'><strong>eliopeto]</strong></span> <span class='ocrx_word' id='word_1_15' title='bbox 1042 625 1103 688; x_wconf 86' lang='lat' dir='ltr'><strong>ipss</strong></span> <span class='ocrx_word' id='word_1_16' title='bbox 1130 623 1262 688; x_wconf 77' lang='lat' dir='ltr'><strong>coiimptio</strong></span> <span class='ocrx_word' id='word_1_17' title='bbox 1289 624 1390 686; x_wconf 60' lang='lat' dir='ltr'><strong>mni,</strong></span> 
     </span>
     <span class='ocr_line' id='line_1_4' title="bbox 319 699 1391 764; baseline 0.002 -16"><span class='ocrx_word' id='word_1_18' title='bbox 319 701 506 749; x_wconf 80' lang='lat' dir='ltr'><strong>Prooinoioliom</strong></span> <span class='ocrx_word' id='word_1_19' title='bbox 521 699 648 764; x_wconf 75' lang='lat' dir='ltr'><strong>sorrow]</strong></span> <span class='ocrx_word' id='word_1_20' title='bbox 671 700 784 750; x_wconf 77' lang='lat' dir='ltr'><strong>salvian.</strong></span> <span class='ocrx_word' id='word_1_21' title='bbox 801 702 820 750; x_wconf 92' lang='lat' dir='ltr'><strong>l.</strong></span> <span class='ocrx_word' id='word_1_22' title='bbox 858 701 963 762; x_wconf 85' lang='lat' dir='ltr'><strong>publice</strong></span> <span class='ocrx_word' id='word_1_23' title='bbox 977 715 1038 750; x_wconf 82' lang='lat' dir='ltr'><strong>vero</strong></span> <span class='ocrx_word' id='word_1_24' title='bbox 1056 702 1157 764; x_wconf 87' lang='lat' dir='ltr'><strong>species</strong></span> <span class='ocrx_word' id='word_1_25' title='bbox 1176 701 1328 750; x_wconf 80' lang='lat' dir='ltr'><strong>annonarias</strong></span> <span class='ocrx_word' id='word_1_26' title='bbox 1348 703 1391 750; x_wconf 87' lang='lat' dir='ltr'><strong>vel</strong></span> 
     </span>
     <span class='ocr_line' id='line_1_5' title="bbox 286 775 1390 829; baseline -0.004 -1"><span class='ocrx_word' id='word_1_27' title='bbox 286 791 327 828; x_wconf 77' lang='lat' dir='ltr'><strong>rr.</strong></span> <span class='ocrx_word' id='word_1_28' title='bbox 340 778 372 828; x_wconf 88' lang='lat' dir='ltr'><strong>dc</strong></span> <span class='ocrx_word' id='word_1_29' title='bbox 384 779 502 829; x_wconf 85' lang='lat' dir='ltr'><strong>Gubern.</strong></span> <span class='ocrx_word' id='word_1_30' title='bbox 523 779 591 828; x_wconf 84' lang='lat' dir='ltr'><strong>Dei:</strong></span> <span class='ocrx_word' id='word_1_31' title='bbox 607 778 695 829; x_wconf 84' lang='lat' dir='ltr'><strong>‘Illud</strong></span> <span class='ocrx_word' id='word_1_32' title='bbox 716 779 821 828; x_wconf 89' lang='lat' dir='ltr'><strong>latroci·</strong></span> <span class='ocrx_word' id='word_1_33' title='bbox 858 775 915 824; x_wconf 88' lang='lat' dir='ltr'><strong>urbi</strong></span> <span class='ocrx_word' id='word_1_34' title='bbox 928 777 969 824; x_wconf 83' lang='lat' dir='ltr'><strong>rel</strong></span> <span class='ocrx_word' id='word_1_35' title='bbox 988 777 1116 825; x_wconf 81' lang='lat' dir='ltr'><strong>exercitui</strong></span> <span class='ocrx_word' id='word_1_36' title='bbox 1134 777 1293 826; x_wconf 80' lang='lat' dir='ltr'><strong>necessarios</strong></span> <span class='ocrx_word' id='word_1_37' title='bbox 1309 777 1390 825; x_wconf 74' lang='lat' dir='ltr'><strong>etism</strong></span> 
     </span>
     <span class='ocr_line' id='line_1_6' title="bbox 287 850 1390 919; baseline -0.003 -16"><span class='ocrx_word' id='word_1_38' title='bbox 287 856 357 904; x_wconf 84' lang='lat' dir='ltr'><strong>nium</strong></span> <span class='ocrx_word' id='word_1_39' title='bbox 379 869 410 905; x_wconf 90' lang='lat' dir='ltr'><strong>ac</strong></span> <span class='ocrx_word' id='word_1_40' title='bbox 428 856 513 904; x_wconf 82' lang='lat' dir='ltr'><strong>scelos</strong></span> <span class='ocrx_word' id='word_1_41' title='bbox 540 854 598 919; x_wconf 82' lang='lat' dir='ltr'><strong>quia</strong></span> <span class='ocrx_word' id='word_1_42' title='bbox 627 854 705 918; x_wconf 80' lang='lat' dir='ltr'><strong>digne</strong></span> <span class='ocrx_word' id='word_1_43' title='bbox 733 855 821 918; x_wconf 80' lang='lat' dir='ltr'><strong>eloqui</strong></span> <span class='ocrx_word' id='word_1_44' title='bbox 857 850 892 898; x_wconf 72' lang='lat' dir='ltr'><strong>ab</strong></span> <span class='ocrx_word' id='word_1_45' title='bbox 918 850 1007 899; x_wconf 83' lang='lat' dir='ltr'><strong>invitis</strong></span> <span class='ocrx_word' id='word_1_46' title='bbox 1037 852 1237 915; x_wconf 81' lang='lat' dir='ltr'><strong>provincislibus</strong></span> <span class='ocrx_word' id='word_1_47' title='bbox 1267 851 1390 914; x_wconf 74' lang='lat' dir='ltr'><strong>exigendi</strong></span> 
     </span>
     <span class='ocr_line' id='line_1_7' title="bbox 288 924 1391 995; baseline 0.004 -16"><span class='ocrx_word' id='word_1_48' title='bbox 288 931 379 994; x_wconf 90' lang='lat' dir='ltr'><strong>possit,</strong></span> <span class='ocrx_word' id='word_1_49' title='bbox 395 930 533 995; x_wconf 78' lang='lat' dir='ltr'><strong>quodcum</strong></span> <span class='ocrx_word' id='word_1_50' title='bbox 545 931 678 992; x_wconf 77' lang='lat' dir='ltr'><strong>Reapvel</strong></span> <span class='ocrx_word' id='word_1_51' title='bbox 687 931 743 993; x_wconf 85' lang='lat' dir='ltr'><strong>jam</strong></span> <span class='ocrx_word' id='word_1_52' title='bbox 754 945 821 981; x_wconf 92' lang='lat' dir='ltr'><strong>mor·</strong></span> <span class='ocrx_word' id='word_1_53' title='bbox 858 924 1028 988; x_wconf 74' lang='lat' dir='ltr'><strong>t⁰¹³⁸¹¹0tud⁰‚</strong></span> <span class='ocrx_word' id='word_1_54' title='bbox 1067 924 1201 983; x_wconf 58' lang='lat' dir='ltr'><strong>mm!</strong></span> <span class='ocrx_word' id='word_1_55' title='bbox 1240 926 1391 975; x_wconf 56' lang='lat' dir='ltr'><strong>wethini·</strong></span> 
     </span>
     <span class='ocr_line' id='line_1_8' title="bbox 288 998 1391 1070; baseline -0.004 -14"><span class='ocrx_word' id='word_1_56' title='bbox 288 1015 343 1068; x_wconf 87' lang='lat' dir='ltr'><strong>tua,</strong></span> <span class='ocrx_word' id='word_1_57' title='bbox 363 1005 406 1055; x_wconf 86' lang='lat' dir='ltr'><strong>rel</strong></span> <span class='ocrx_word' id='word_1_58' title='bbox 427 1013 501 1056; x_wconf 87' lang='lat' dir='ltr'><strong>certe</strong></span> <span class='ocrx_word' id='word_1_59' title='bbox 529 1013 675 1056; x_wconf 84' lang='lat' dir='ltr'><strong>extremum</strong></span> <span class='ocrx_word' id='word_1_60' title='bbox 702 1007 822 1070; x_wconf 88' lang='lat' dir='ltr'><strong>spiritum</strong></span> <span class='ocrx_word' id='word_1_61' title='bbox 859 998 1061 1063; x_wconf 70' lang='lat' dir='ltr'><strong>Quamqntmel</strong></span> <span class='ocrx_word' id='word_1_62' title='bbox 1077 1015 1142 1050; x_wconf 72' lang='lat' dir='ltr'><strong>onus</strong></span> <span class='ocrx_word' id='word_1_63' title='bbox 1161 1001 1235 1062; x_wconf 79' lang='lat' dir='ltr'><strong>iilud,</strong></span> <span class='ocrx_word' id='word_1_64' title='bbox 1250 1000 1391 1065; x_wconf 77' lang='lat' dir='ltr'><strong>qoodlur·</strong></span> 
     </span>
     <span class='ocr_line' id='line_1_9' title="bbox 288 1075 1391 1146; baseline -0.002 -19"><span class='ocrx_word' id='word_1_65' title='bbox 288 1096 369 1144; x_wconf 75' lang='lat' dir='ltr'><strong>agens</strong></span> <span class='ocrx_word' id='word_1_66' title='bbox 381 1083 407 1131; x_wconf 85' lang='lat' dir='ltr'><strong>in</strong></span> <span class='ocrx_word' id='word_1_67' title='bbox 420 1095 452 1130; x_wconf 81' lang='lat' dir='ltr'><strong>ea</strong></span> <span class='ocrx_word' id='word_1_68' title='bbox 462 1086 548 1146; x_wconf 81' lang='lat' dir='ltr'><strong>parte,</strong></span> <span class='ocrx_word' id='word_1_69' title='bbox 564 1095 614 1146; x_wconf 87' lang='lat' dir='ltr'><strong>qua</strong></span> <span class='ocrx_word' id='word_1_70' title='bbox 631 1081 716 1131; x_wconf 75' lang='lat' dir='ltr'><strong>adhuc</strong></span> <span class='ocrx_word' id='word_1_71' title='bbox 732 1082 822 1132; x_wconf 72' lang='lat' dir='ltr'><strong>vivere</strong></span> <span class='ocrx_word' id='word_1_72' title='bbox 859 1075 970 1124; x_wconf 78' lang='lat' dir='ltr'><strong>tinianus</strong></span> <span class='ocrx_word' id='word_1_73' title='bbox 981 1075 1264 1141; x_wconf 75' lang='lat' dir='ltr'><strong>Bithyniae,1&gt;hrygiae‚</strong></span> <span class='ocrx_word' id='word_1_74' title='bbox 1274 1078 1391 1126; x_wconf 78' lang='lat' dir='ltr'><strong>ethre·</strong></span> 
     </span>
     <span class='ocr_line' id='line_1_10' title="bbox 288 1150 1391 1219; baseline -0.002 -14"><span class='ocrx_word' id='word_1_75' title='bbox 288 1157 401 1218; x_wconf 83' lang='lat' dir='ltr'><strong>videtur,</strong></span> <span class='ocrx_word' id='word_1_76' title='bbox 419 1157 574 1206; x_wconf 85' lang='lat' dir='ltr'><strong>tributorum</strong></span> <span class='ocrx_word' id='word_1_77' title='bbox 601 1157 721 1218; x_wconf 87' lang='lat' dir='ltr'><strong>vinculis,</strong></span> <span class='ocrx_word' id='word_1_78' title='bbox 747 1156 822 1219; x_wconf 75' lang='lat' dir='ltr'><strong>quasi</strong></span> <span class='ocrx_word' id='word_1_79' title='bbox 859 1151 907 1199; x_wconf 68' lang='lat' dir='ltr'><strong>cloe</strong></span> <span class='ocrx_word' id='word_1_80' title='bbox 935 1151 1026 1200; x_wconf 79' lang='lat' dir='ltr'><strong>incolit</strong></span> <span class='ocrx_word' id='word_1_81' title='bbox 1051 1150 1209 1201; x_wconf 78' lang='lat' dir='ltr'><strong>frumentum</strong></span> <span class='ocrx_word' id='word_1_82' title='bbox 1236 1153 1391 1216; x_wconf 73' lang='lat' dir='ltr'><strong>Byzantinis</strong></span> 
     </span>
     <span class='ocr_line' id='line_1_11' title="bbox 288 1227 1393 1295; baseline 0.001 -15"><span class='ocrx_word' id='word_1_83' title='bbox 288 1231 440 1295; x_wconf 80' lang='lat' dir='ltr'><strong>praedonum</strong></span> <span class='ocrx_word' id='word_1_84' title='bbox 451 1231 567 1282; x_wconf 86' lang='lat' dir='ltr'><strong>menibus</strong></span> <span class='ocrx_word' id='word_1_85' title='bbox 587 1232 748 1294; x_wconf 75' lang='lat' dir='ltr'><strong>strangulata</strong></span> <span class='ocrx_word' id='word_1_86' title='bbox 768 1247 822 1280; x_wconf 89' lang='lat' dir='ltr'><strong>mo·</strong></span> <span class='ocrx_word' id='word_1_87' title='bbox 859 1227 1010 1290; x_wconf 80' lang='lat' dir='ltr'><strong>perferendi</strong></span> <span class='ocrx_word' id='word_1_88' title='bbox 1027 1231 1176 1280; x_wconf 87' lang='lat' dir='ltr'><strong>conditione</strong></span> <span class='ocrx_word' id='word_1_89' title='bbox 1194 1233 1330 1281; x_wconf 77' lang='lat' dir='ltr'><strong>durissime</strong></span> <span class='ocrx_word' id='word_1_90' title='bbox 1346 1233 1393 1281; x_wconf 87' lang='lat' dir='ltr'><strong>im·</strong></span> 
     </span>
     <span class='ocr_line' id='line_1_12' title="bbox 288 1303 1393 1369; baseline 0.001 -14"><span class='ocrx_word' id='word_1_91' title='bbox 288 1305 387 1356; x_wconf 87' lang='lat' dir='ltr'><strong>riatur:</strong></span> <span class='ocrx_word' id='word_1_92' title='bbox 409 1307 575 1357; x_wconf 82' lang='lat' dir='ltr'><strong>inveniuntur</strong></span> <span class='ocrx_word' id='word_1_93' title='bbox 602 1314 689 1356; x_wconf 85' lang='lat' dir='ltr'><strong>tamen</strong></span> <span class='ocrx_word' id='word_1_94' title='bbox 717 1306 823 1369; x_wconf 79' lang='lat' dir='ltr'><strong>plurimi</strong></span> <span class='ocrx_word' id='word_1_95' title='bbox 859 1303 955 1367; x_wconf 81' lang='lat' dir='ltr'><strong>posuit,</strong></span> <span class='ocrx_word' id='word_1_96' title='bbox 971 1306 1148 1354; x_wconf 82' lang='lat' dir='ltr'><strong>notutSuidas</strong></span> <span class='ocrx_word' id='word_1_97' title='bbox 1169 1307 1202 1355; x_wconf 92' lang='lat' dir='ltr'><strong>ab</strong></span> <span class='ocrx_word' id='word_1_98' title='bbox 1221 1308 1272 1356; x_wconf 90' lang='lat' dir='ltr'><strong>illis</strong></span> <span class='ocrx_word' id='word_1_99' title='bbox 1288 1306 1393 1365; x_wconf 67' lang='lat' dir='ltr'><strong>omorio</strong></span> 
     </span>
     <span class='ocr_line' id='line_1_13' title="bbox 288 1381 1385 1452; baseline -0.001 -21"><span class='ocrx_word' id='word_1_100' title='bbox 288 1382 416 1444; x_wconf 75' lang='lat' dir='ltr'><strong>divitum‚‘</strong></span> <span class='ocrx_word' id='word_1_101' title='bbox 433 1398 544 1447; x_wconf 88' lang='lat' dir='ltr'><strong>quorum</strong></span> <span class='ocrx_word' id='word_1_102' title='bbox 570 1383 668 1431; x_wconf 87' lang='lat' dir='ltr'><strong>tributa</strong></span> <span class='ocrx_word' id='word_1_103' title='bbox 694 1397 823 1445; x_wconf 73' lang='lat' dir='ltr'><strong>pauperes</strong></span> <span class='ocrx_word' id='word_1_104' title='bbox 859 1381 1096 1442; x_wconf 85' lang='lat' dir='ltr'><strong>esseappellatnm.</strong></span> <span class='ocrx_word' id='word_1_105' title='bbox 1117 1381 1180 1432; x_wconf 86' lang='lat' dir='ltr'><strong>Voll.</strong></span> <span class='ocrx_word' id='word_1_106' title='bbox 1382 1445 1385 1452; x_wconf 32' lang='grc' dir='ltr'>Ι</span> 
     </span>
     <span class='ocr_line' id='line_1_14' title="bbox 289 1454 1393 1522; baseline 0.001 -15"><span class='ocrx_word' id='word_1_107' title='bbox 289 1457 395 1508; x_wconf 80' lang='lat' dir='ltr'><strong>ferunt:</strong></span> <span class='ocrx_word' id='word_1_108' title='bbox 412 1460 460 1508; x_wconf 92' lang='lat' dir='ltr'><strong>hoc</strong></span> <span class='ocrx_word' id='word_1_109' title='bbox 472 1463 522 1521; x_wconf 89' lang='lat' dir='ltr'><strong>est,</strong></span> <span class='ocrx_word' id='word_1_110' title='bbox 540 1459 705 1507; x_wconf 84' lang='lat' dir='ltr'><strong>inveniuntur</strong></span> <span class='ocrx_word' id='word_1_111' title='bbox 717 1457 823 1520; x_wconf 79' lang='lat' dir='ltr'><strong>plurimi</strong></span> <span class='ocrx_word' id='word_1_112' title='bbox 888 1454 1028 1518; x_wconf 71' lang='lat' dir='ltr'><strong>,cntuprioJ</strong></span> <span class='ocrx_word' id='word_1_113' title='bbox 1044 1455 1156 1506; x_wconf 76' lang='lat' dir='ltr'><strong>Publica</strong></span> <span class='ocrx_word' id='word_1_114' title='bbox 1166 1459 1326 1522; x_wconf 77' lang='lat' dir='ltr'><strong>comparatio</strong></span> <span class='ocrx_word' id='word_1_115' title='bbox 1334 1473 1393 1522; x_wconf 88' lang='lat' dir='ltr'><strong>spe·</strong></span> 
     </span>
     <span class='ocr_line' id='line_1_15' title="bbox 289 1529 1396 1598; baseline 0 -17"><span class='ocrx_word' id='word_1_116' title='bbox 289 1532 409 1596; x_wconf 85' lang='lat' dir='ltr'><strong>divitum,</strong></span> <span class='ocrx_word' id='word_1_117' title='bbox 433 1547 544 1597; x_wconf 86' lang='lat' dir='ltr'><strong>quornm</strong></span> <span class='ocrx_word' id='word_1_118' title='bbox 566 1533 666 1581; x_wconf 86' lang='lat' dir='ltr'><strong>tributa</strong></span> <span class='ocrx_word' id='word_1_119' title='bbox 691 1546 822 1595; x_wconf 85' lang='lat' dir='ltr'><strong>pauperes</strong></span> <span class='ocrx_word' id='word_1_120' title='bbox 860 1529 956 1578; x_wconf 80' lang='lat' dir='ltr'><strong>ciorum</strong></span> <span class='ocrx_word' id='word_1_121' title='bbox 974 1531 1069 1581; x_wconf 73' lang='lat' dir='ltr'><strong>Graece</strong></span> <span class='ocrx_word' id='word_1_122' title='bbox 1087 1533 1219 1592; x_wconf 73' lang='lat' dir='ltr'><strong>mndrpror</strong></span> <span class='ocrx_word' id='word_1_123' title='bbox 1237 1534 1396 1598; x_wconf 79' lang='lat' dir='ltr'><strong>sppellotor,</strong></span> 
     </span>
     <span class='ocr_line' id='line_1_16' title="bbox 289 1605 1395 1660; baseline 0.001 -2"><span class='ocrx_word' id='word_1_124' title='bbox 289 1609 403 1660; x_wconf 87' lang='lat' dir='ltr'><strong>necant.&#39;</strong></span> <span class='ocrx_word' id='word_1_125' title='bbox 424 1609 499 1658; x_wconf 82' lang='lat' dir='ltr'><strong>Idem.</strong></span> <span class='ocrx_word' id='word_1_126' title='bbox 860 1605 888 1654; x_wconf 77' lang='lat' dir='ltr'><strong>in</strong></span> <span class='ocrx_word' id='word_1_127' title='bbox 907 1607 951 1654; x_wconf 79' lang='grc' dir='ltr'><strong>τοῦ</strong></span> <span class='ocrx_word' id='word_1_128' title='bbox 969 1605 1014 1656; x_wconf 80' lang='lat' dir='ltr'><strong>oio</strong></span> <span class='ocrx_word' id='word_1_129' title='bbox 1032 1606 1073 1656; x_wconf 72' lang='lat' dir='ltr'><strong>eal</strong></span> <span class='ocrx_word' id='word_1_130' title='bbox 1088 1607 1202 1660; x_wconf 66' lang='grc' dir='ltr'><strong><em>ὠνεῖσθαι.</em></strong></span> <span class='ocrx_word' id='word_1_131' title='bbox 1235 1611 1328 1659; x_wconf 82' lang='lat' dir='ltr'><strong>Lotiue</strong></span> <span class='ocrx_word' id='word_1_132' title='bbox 1349 1611 1395 1659; x_wconf 80' lang='lat' dir='ltr'><strong>Co·</strong></span> 
     </span>
     <span class='ocr_line' id='line_1_17' title="bbox 325 1681 1395 1748; baseline 0.003 -17"><span class='ocrx_word' id='word_1_133' title='bbox 325 1683 384 1732; x_wconf 78' lang='lat' dir='ltr'><strong>Turn</strong></span> <span class='ocrx_word' id='word_1_134' title='bbox 402 1683 507 1746; x_wconf 59' lang='lat' dir='ltr'><strong>pusato</strong></span> <span class='ocrx_word' id='word_1_135' title='bbox 526 1682 628 1745; x_wconf 78' lang='lat' dir='ltr'><strong>rupinis,</strong></span> <span class='ocrx_word' id='word_1_136' title='bbox 652 1688 702 1732; x_wconf 83' lang='lat' dir='ltr'><strong>tom</strong></span> <span class='ocrx_word' id='word_1_137' title='bbox 723 1681 824 1746; x_wconf 76' lang='lat' dir='ltr'><strong>publicis</strong></span> <span class='ocrx_word' id='word_1_138' title='bbox 860 1682 956 1745; x_wconf 68' lang='lat' dir='ltr'><strong>imptio.</strong></span> <span class='ocrx_word' id='word_1_139' title='bbox 982 1684 1395 1748; x_wconf 86' lang='lat' dir='ltr'><strong>Quemsdmodumautemhojos·</strong></span> 
     </span>
     <span class='ocr_line' id='line_1_18' title="bbox 288 1757 1403 1824; baseline -0.001 -14"><span class='ocrx_word' id='word_1_140' title='bbox 288 1760 457 1823; x_wconf 74' lang='lat' dir='ltr'><strong>mligsliios]</strong></span> <span class='ocrx_word' id='word_1_141' title='bbox 473 1757 552 1823; x_wconf 75' lang='lat' dir='ltr'><strong>Apud</strong></span> <span class='ocrx_word' id='word_1_142' title='bbox 564 1760 747 1809; x_wconf 85' lang='lat' dir='ltr'><strong>Cassiodorum</strong></span> <span class='ocrx_word' id='word_1_143' title='bbox 760 1761 824 1810; x_wconf 87' lang='lat' dir='ltr'><strong>Var.</strong></span> <span class='ocrx_word' id='word_1_144' title='bbox 860 1759 929 1809; x_wconf 78' lang='lat' dir='ltr'><strong>morli</strong></span> <span class='ocrx_word' id='word_1_145' title='bbox 948 1758 1078 1824; x_wconf 62' lang='lat' dir='ltr'><strong>coemptio</strong></span> <span class='ocrx_word' id='word_1_146' title='bbox 1101 1761 1253 1824; x_wconf 88' lang='lat' dir='ltr'><strong>accipienda</strong></span> <span class='ocrx_word' id='word_1_147' title='bbox 1274 1763 1319 1822; x_wconf 88' lang='lat' dir='ltr'><strong>sit,</strong></span> <span class='ocrx_word' id='word_1_148' title='bbox 1342 1768 1403 1810; x_wconf 78' lang='lat' dir='ltr'><strong>nos·</strong></span> 
     </span>
     <span class='ocr_line' id='line_1_19' title="bbox 290 1835 1394 1900; baseline 0 -14"><span class='ocrx_word' id='word_1_149' title='bbox 290 1851 318 1886; x_wconf 81' lang='lat' dir='ltr'><strong>v.</strong></span> <span class='ocrx_word' id='word_1_150' title='bbox 329 1837 416 1900; x_wconf 84' lang='lat' dir='ltr'><strong>Epist.</strong></span> <span class='ocrx_word' id='word_1_151' title='bbox 433 1849 535 1886; x_wconf 81' lang='lat' dir='ltr'><strong>xxxix.</strong></span> <span class='ocrx_word' id='word_1_152' title='bbox 567 1835 743 1886; x_wconf 78' lang='lat' dir='ltr'><strong>Theudoricus</strong></span> <span class='ocrx_word' id='word_1_153' title='bbox 766 1835 824 1885; x_wconf 86' lang='lat' dir='ltr'><strong>Rex</strong></span> <span class='ocrx_word' id='word_1_154' title='bbox 861 1843 1050 1900; x_wconf 78' lang='lat' dir='ltr'><strong>oeqrreconstst</strong></span> <span class='ocrx_word' id='word_1_155' title='bbox 1067 1838 1136 1886; x_wconf 91' lang='lat' dir='ltr'><strong>inter</strong></span> <span class='ocrx_word' id='word_1_156' title='bbox 1155 1851 1253 1888; x_wconf 88' lang='lat' dir='ltr'><strong>ornnes.</strong></span> <span class='ocrx_word' id='word_1_157' title='bbox 1285 1837 1337 1886; x_wconf 82' lang='lat' dir='ltr'><strong>Alii</strong></span> <span class='ocrx_word' id='word_1_158' title='bbox 1354 1838 1394 1886; x_wconf 89' lang='lat' dir='ltr'><strong>sie</strong></span> 
     </span>
     <span class='ocr_line' id='line_1_20' title="bbox 292 1909 1395 1977; baseline 0 -16"><span class='ocrx_word' id='word_1_159' title='bbox 292 1913 426 1975; x_wconf 75' lang='lat' dir='ltr'><strong>aegerrime</strong></span> <span class='ocrx_word' id='word_1_160' title='bbox 437 1909 490 1961; x_wconf 86' lang='lat' dir='ltr'><strong>fert</strong></span> <span class='ocrx_word' id='word_1_161' title='bbox 508 1913 697 1974; x_wconf 87' lang='lat' dir='ltr'><strong>compulsorum</strong></span> <span class='ocrx_word' id='word_1_162' title='bbox 716 1911 824 1962; x_wconf 86' lang='lat' dir='ltr'><strong>arbitrio</strong></span> <span class='ocrx_word' id='word_1_163' title='bbox 860 1926 918 1962; x_wconf 88' lang='lat' dir='ltr'><strong>eam</strong></span> <span class='ocrx_word' id='word_1_164' title='bbox 930 1913 1073 1977; x_wconf 88' lang='lat' dir='ltr'><strong>accipiunt,</strong></span> <span class='ocrx_word' id='word_1_165' title='bbox 1083 1920 1113 1961; x_wconf 88' lang='lat' dir='ltr'><strong>nt</strong></span> <span class='ocrx_word' id='word_1_166' title='bbox 1124 1912 1295 1976; x_wconf 78' lang='lat' dir='ltr'><strong>provinciales</strong></span> <span class='ocrx_word' id='word_1_167' title='bbox 1306 1927 1321 1960; x_wconf 87' lang='lat' dir='ltr'><strong>a</strong></span> <span class='ocrx_word' id='word_1_168' title='bbox 1331 1911 1395 1961; x_wconf 86' lang='lat' dir='ltr'><strong>fisco</strong></span> 
     </span>
     <span class='ocr_line' id='line_1_21' title="bbox 291 1985 1395 2052; baseline -0.002 -16"><span class='ocrx_word' id='word_1_169' title='bbox 291 1987 486 2051; x_wconf 85' lang='lat' dir='ltr'><strong>provincialium</strong></span> <span class='ocrx_word' id='word_1_170' title='bbox 514 1987 651 2050; x_wconf 86' lang='lat' dir='ltr'><strong>subjacere</strong></span> <span class='ocrx_word' id='word_1_171' title='bbox 689 1985 825 2046; x_wconf 88' lang='lat' dir='ltr'><strong>fortunas;</strong></span> <span class='ocrx_word' id='word_1_172' title='bbox 861 1990 963 2052; x_wconf 89' lang='lat' dir='ltr'><strong>species</strong></span> <span class='ocrx_word' id='word_1_173' title='bbox 979 1988 1133 2038; x_wconf 87' lang='lat' dir='ltr'><strong>annonarias</strong></span> <span class='ocrx_word' id='word_1_174' title='bbox 1154 2002 1241 2037; x_wconf 86' lang='lat' dir='ltr'><strong>emere</strong></span> <span class='ocrx_word' id='word_1_175' title='bbox 1261 1995 1395 2050; x_wconf 76' lang='lat' dir='ltr'><strong>coguntur.</strong></span> 
     </span>
     <span class='ocr_line' id='line_1_22' title="bbox 291 2056 1395 2126; baseline 0.002 -16"><span class='ocrx_word' id='word_1_176' title='bbox 291 2061 353 2110; x_wconf 87' lang='lat' dir='ltr'><strong>indo</strong></span> <span class='ocrx_word' id='word_1_177' title='bbox 363 2061 512 2126; x_wconf 73' lang='lat' dir='ltr'><strong>subjungit:</strong></span> <span class='ocrx_word' id='word_1_178' title='bbox 524 2063 532 2090; x_wconf 75' lang='lat'>⁸</span> <span class='ocrx_word' id='word_1_179' title='bbox 542 2061 632 2111; x_wconf 79' lang='lat' dir='ltr'><strong>Genus</strong></span> <span class='ocrx_word' id='word_1_180' title='bbox 644 2061 772 2110; x_wconf 79' lang='lat' dir='ltr'><strong>evidentia</strong></span> <span class='ocrx_word' id='word_1_181' title='bbox 784 2068 825 2111; x_wconf 85' lang='lat' dir='ltr'><strong>est</strong></span> <span class='ocrx_word' id='word_1_182' title='bbox 861 2062 924 2124; x_wconf 82' lang='lat' dir='ltr'><strong>Alit,</strong></span> <span class='ocrx_word' id='word_1_183' title='bbox 940 2070 969 2112; x_wconf 93' lang='lat' dir='ltr'><strong>ut</strong></span> <span class='ocrx_word' id='word_1_184' title='bbox 981 2078 1027 2112; x_wconf 84' lang='lat' dir='ltr'><strong>eas</strong></span> <span class='ocrx_word' id='word_1_185' title='bbox 1039 2062 1102 2112; x_wconf 87' lang='lat' dir='ltr'><strong>fisco</strong></span> <span class='ocrx_word' id='word_1_186' title='bbox 1119 2063 1233 2113; x_wconf 81' lang='lat' dir='ltr'><strong>rendere</strong></span> <span class='ocrx_word' id='word_1_187' title='bbox 1249 2056 1395 2112; x_wconf 81' lang='lat' dir='ltr'><strong>forensiooi</strong></span> 
     </span>
     <span class='ocr_line' id='line_1_23' title="bbox 291 2138 1395 2206; baseline -0.003 -17"><span class='ocrx_word' id='word_1_188' title='bbox 291 2140 399 2205; x_wconf 77' lang='lat' dir='ltr'><strong>predae,</strong></span> <span class='ocrx_word' id='word_1_189' title='bbox 414 2157 461 2206; x_wconf 92' lang='lat' dir='ltr'><strong>pro</strong></span> <span class='ocrx_word' id='word_1_190' title='bbox 473 2141 540 2190; x_wconf 89' lang='lat' dir='ltr'><strong>illius</strong></span> <span class='ocrx_word' id='word_1_191' title='bbox 553 2143 685 2191; x_wconf 83' lang='lat' dir='ltr'><strong>voluntate</strong></span> <span class='ocrx_word' id='word_1_192' title='bbox 696 2141 769 2203; x_wconf 88' lang='lat' dir='ltr'><strong>dore,</strong></span> <span class='ocrx_word' id='word_1_193' title='bbox 780 2140 825 2204; x_wconf 85' lang='lat' dir='ltr'><strong>qui</strong></span> <span class='ocrx_word' id='word_1_194' title='bbox 862 2139 957 2201; x_wconf 85' lang='lat' dir='ltr'><strong>preciis</strong></span> <span class='ocrx_word' id='word_1_195' title='bbox 969 2138 1168 2202; x_wconf 81' lang='lat' dir='ltr'><strong>compellantur.</strong></span> <span class='ocrx_word' id='word_1_196' title='bbox 1202 2141 1317 2191; x_wconf 79' lang='lat' dir='ltr'><strong>Quorum</strong></span> <span class='ocrx_word' id='word_1_197' title='bbox 1336 2153 1395 2187; x_wconf 89' lang='lat' dir='ltr'><strong>sen-</strong></span> 
     </span>
     <span class='ocr_line' id='line_1_24' title="bbox 293 2214 1397 2280; baseline -0.002 -15"><span class='ocrx_word' id='word_1_198' title='bbox 293 2216 326 2265; x_wconf 88' lang='lat' dir='ltr'><strong>ad</strong></span> <span class='ocrx_word' id='word_1_199' title='bbox 339 2231 412 2266; x_wconf 87' lang='lat' dir='ltr'><strong>suum</strong></span> <span class='ocrx_word' id='word_1_200' title='bbox 425 2218 587 2266; x_wconf 87' lang='lat' dir='ltr'><strong>commodum</strong></span> <span class='ocrx_word' id='word_1_201' title='bbox 598 2217 708 2280; x_wconf 89' lang='lat' dir='ltr'><strong>amplius</strong></span> <span class='ocrx_word' id='word_1_202' title='bbox 716 2215 825 2266; x_wconf 81' lang='lat' dir='ltr'><strong>festinat</strong></span> <span class='ocrx_word' id='word_1_203' title='bbox 862 2216 947 2264; x_wconf 88' lang='lat' dir='ltr'><strong>tentia</strong></span> <span class='ocrx_word' id='word_1_204' title='bbox 959 2215 1052 2264; x_wconf 81' lang='lat' dir='ltr'><strong>verior.</strong></span> <span class='ocrx_word' id='word_1_205' title='bbox 1085 2214 1228 2265; x_wconf 76' lang='lat' dir='ltr'><strong>Coiimebst</strong></span> <span class='ocrx_word' id='word_1_206' title='bbox 1238 2215 1306 2264; x_wconf 90' lang='lat' dir='ltr'><strong>enirn</strong></span> <span class='ocrx_word' id='word_1_207' title='bbox 1322 2215 1397 2263; x_wconf 88' lang='lat' dir='ltr'><strong>undi-</strong></span> 
     </span>
     <span class='ocr_line' id='line_1_25' title="bbox 292 2289 1396 2359; baseline -0.004 -17"><span class='ocrx_word' id='word_1_208' title='bbox 292 2292 418 2356; x_wconf 67' lang='lat' dir='ltr'><strong>exigere!</strong></span> <span class='ocrx_word' id='word_1_209' title='bbox 459 2294 591 2343; x_wconf 79' lang='lat' dir='ltr'><strong>Salvianus</strong></span> <span class='ocrx_word' id='word_1_210' title='bbox 611 2309 712 2359; x_wconf 87' lang='lat' dir='ltr'><strong>qnoque</strong></span> <span class='ocrx_word' id='word_1_211' title='bbox 731 2295 776 2345; x_wconf 88' lang='lat' dir='ltr'><strong>lib.</strong></span> <span class='ocrx_word' id='word_1_212' title='bbox 796 2311 825 2345; x_wconf 87' lang='lat' dir='ltr'><strong>v.</strong></span> <span class='ocrx_word' id='word_1_213' title='bbox 862 2289 1029 2355; x_wconf 79' lang='lat' dir='ltr'><strong>qoeiisousa</strong></span> <span class='ocrx_word' id='word_1_214' title='bbox 1044 2290 1245 2353; x_wconf 83' lang='lat' dir='ltr'><strong>provincialibus</strong></span> <span class='ocrx_word' id='word_1_215' title='bbox 1261 2289 1340 2339; x_wconf 87' lang='lat' dir='ltr'><strong>etiam</strong></span> <span class='ocrx_word' id='word_1_216' title='bbox 1357 2290 1396 2338; x_wconf 90' lang='lat' dir='ltr'><strong>in-</strong></span> 
     </span>
     <span class='ocr_line' id='line_1_26' title="bbox 293 2367 1397 2436; baseline -0.002 -18"><span class='ocrx_word' id='word_1_217' title='bbox 293 2369 335 2418; x_wconf 91' lang='lat' dir='ltr'><strong>De</strong></span> <span class='ocrx_word' id='word_1_218' title='bbox 348 2370 416 2420; x_wconf 90' lang='lat' dir='ltr'><strong>Gub.</strong></span> <span class='ocrx_word' id='word_1_219' title='bbox 427 2370 487 2433; x_wconf 87' lang='lat' dir='ltr'><strong>Dei,</strong></span> <span class='ocrx_word' id='word_1_220' title='bbox 504 2371 630 2420; x_wconf 86' lang='lat' dir='ltr'><strong>vulturios</strong></span> <span class='ocrx_word' id='word_1_221' title='bbox 641 2371 714 2432; x_wconf 82' lang='lat' dir='ltr'><strong>istos,</strong></span> <span class='ocrx_word' id='word_1_222' title='bbox 731 2372 774 2436; x_wconf 89' lang='lat' dir='ltr'><strong>qui</strong></span> <span class='ocrx_word' id='word_1_223' title='bbox 792 2370 825 2421; x_wconf 85' lang='lat' dir='ltr'><strong>ed</strong></span> <span class='ocrx_word' id='word_1_224' title='bbox 865 2368 924 2416; x_wconf 84' lang='lat' dir='ltr'><strong>ritis</strong></span> <span class='ocrx_word' id='word_1_225' title='bbox 935 2368 1036 2431; x_wconf 89' lang='lat' dir='ltr'><strong>species</strong></span> <span class='ocrx_word' id='word_1_226' title='bbox 1046 2369 1209 2431; x_wconf 83' lang='lat' dir='ltr'><strong>annonarias,</strong></span> <span class='ocrx_word' id='word_1_227' title='bbox 1224 2368 1281 2417; x_wconf 87' lang='lat' dir='ltr'><strong>usui</strong></span> <span class='ocrx_word' id='word_1_228' title='bbox 1292 2367 1397 2430; x_wconf 81' lang='lat' dir='ltr'><strong>publico</strong></span> 
     </span>
     <span class='ocr_line' id='line_1_27' title="bbox 293 2443 1397 2508; baseline 0.001 -16"><span class='ocrx_word' id='word_1_229' title='bbox 293 2445 466 2508; x_wconf 86' lang='lat' dir='ltr'><strong>rapacitatem</strong></span> <span class='ocrx_word' id='word_1_230' title='bbox 479 2453 634 2496; x_wconf 78' lang='lat' dir='ltr'><strong>convertunt</strong></span> <span class='ocrx_word' id='word_1_231' title='bbox 646 2446 767 2507; x_wconf 83' lang='lat' dir='ltr'><strong>animum¹</strong></span> <span class='ocrx_word' id='word_1_232' title='bbox 783 2461 826 2495; x_wconf 83' lang='lat' dir='ltr'><strong>va·</strong></span> <span class='ocrx_word' id='word_1_233' title='bbox 864 2444 905 2492; x_wconf 78' lang='lat' dir='ltr'><strong>vel</strong></span> <span class='ocrx_word' id='word_1_234' title='bbox 917 2443 1045 2492; x_wconf 84' lang='lat' dir='ltr'><strong>exercitui</strong></span> <span class='ocrx_word' id='word_1_235' title='bbox 1065 2446 1232 2493; x_wconf 84' lang='lat' dir='ltr'><strong>necessarias.</strong></span> <span class='ocrx_word' id='word_1_236' title='bbox 1266 2444 1397 2494; x_wconf 82' lang='lat' dir='ltr'><strong>Necessa-</strong></span> 
     </span>
     <span class='ocr_line' id='line_1_28' title="bbox 293 2518 1398 2584; baseline 0.001 -17"><span class='ocrx_word' id='word_1_237' title='bbox 293 2519 332 2568; x_wconf 93' lang='lat' dir='ltr'><strong>rio</strong></span> <span class='ocrx_word' id='word_1_238' title='bbox 343 2526 372 2571; x_wconf 88' lang='lat' dir='ltr'><strong>et</strong></span> <span class='ocrx_word' id='word_1_239' title='bbox 382 2520 583 2584; x_wconf 83' lang='lat' dir='ltr'><strong>exquisitissimo</strong></span> <span class='ocrx_word' id='word_1_240' title='bbox 595 2522 780 2570; x_wconf 87' lang='lat' dir='ltr'><strong>calumniarum</strong></span> <span class='ocrx_word' id='word_1_241' title='bbox 799 2527 827 2570; x_wconf 90' lang='lat' dir='ltr'><strong>et</strong></span> <span class='ocrx_word' id='word_1_242' title='bbox 845 2576 849 2581; x_wconf 19' lang='lat'><strong>⁴</strong></span> <span class='ocrx_word' id='word_1_243' title='bbox 864 2519 915 2567; x_wconf 88' lang='lat' dir='ltr'><strong>rias</strong></span> <span class='ocrx_word' id='word_1_244' title='bbox 933 2518 1002 2566; x_wconf 88' lang='lat' dir='ltr'><strong>dico.</strong></span> <span class='ocrx_word' id='word_1_245' title='bbox 1037 2519 1097 2568; x_wconf 87' lang='lat' dir='ltr'><strong>Non</strong></span> <span class='ocrx_word' id='word_1_246' title='bbox 1122 2519 1191 2566; x_wconf 86' lang='lat' dir='ltr'><strong>euim</strong></span> <span class='ocrx_word' id='word_1_247' title='bbox 1216 2519 1266 2567; x_wconf 89' lang='lat' dir='ltr'><strong>nisi</strong></span> <span class='ocrx_word' id='word_1_248' title='bbox 1288 2526 1398 2583; x_wconf 79' lang='lat' dir='ltr'><strong>urgente</strong></span> 
     </span>
     <span class='ocr_line' id='line_1_29' title="bbox 293 2594 1399 2660; baseline 0.003 -17"><span class='ocrx_word' id='word_1_249' title='bbox 293 2595 440 2643; x_wconf 82' lang='lat' dir='ltr'><strong>auctionum</strong></span> <span class='ocrx_word' id='word_1_250' title='bbox 472 2602 501 2644; x_wconf 87' lang='lat' dir='ltr'><strong>et</strong></span> <span class='ocrx_word' id='word_1_251' title='bbox 528 2595 693 2658; x_wconf 80' lang='lat' dir='ltr'><strong>vectigalium</strong></span> <span class='ocrx_word' id='word_1_252' title='bbox 720 2610 827 2660; x_wconf 74' lang='lat' dir='ltr'><strong>genere,</strong></span> <span class='ocrx_word' id='word_1_253' title='bbox 865 2595 952 2658; x_wconf 84' lang='lat' dir='ltr'><strong>aliqua</strong></span> <span class='ocrx_word' id='word_1_254' title='bbox 970 2594 1129 2644; x_wconf 81' lang='lat' dir='ltr'><strong>necessitate</strong></span> <span class='ocrx_word' id='word_1_255' title='bbox 1149 2594 1281 2653; x_wconf 72' lang='lat' dir='ltr'><strong>rnrdrmov</strong></span> <span class='ocrx_word' id='word_1_256' title='bbox 1299 2596 1399 2646; x_wconf 88' lang='lat' dir='ltr'><strong>indice·</strong></span> 
     </span>
     <span class='ocr_line' id='line_1_30' title="bbox 293 2665 1399 2733; baseline 0.004 -16"><span class='ocrx_word' id='word_1_257' title='bbox 293 2665 335 2717; x_wconf 90' lang='lat' dir='ltr'><strong>his</strong></span> <span class='ocrx_word' id='word_1_258' title='bbox 354 2669 440 2718; x_wconf 81' lang='lat' dir='ltr'><strong>verbis</strong></span> <span class='ocrx_word' id='word_1_259' title='bbox 457 2670 642 2733; x_wconf 84' lang='lat' dir='ltr'><strong>reprehendit:</strong></span> <span class='ocrx_word' id='word_1_260' title='bbox 659 2669 747 2718; x_wconf 89' lang='lat' dir='ltr'><strong>‘Illud</strong></span> <span class='ocrx_word' id='word_1_261' title='bbox 768 2685 827 2733; x_wconf 79' lang='lat' dir='ltr'><strong>gra·</strong></span> <span class='ocrx_word' id='word_1_262' title='bbox 864 2668 951 2729; x_wconf 83' lang='lat' dir='ltr'><strong>hatur,</strong></span> <span class='ocrx_word' id='word_1_263' title='bbox 968 2669 1050 2717; x_wconf 84' lang='lat' dir='ltr'><strong>veluti</strong></span> <span class='ocrx_word' id='word_1_264' title='bbox 1063 2668 1172 2717; x_wconf 89' lang='lat' dir='ltr'><strong>militnm</strong></span> <span class='ocrx_word' id='word_1_265' title='bbox 1188 2677 1235 2718; x_wconf 86' lang='lat' dir='ltr'><strong>out</strong></span> <span class='ocrx_word' id='word_1_266' title='bbox 1249 2671 1321 2720; x_wconf 88' lang='lat' dir='ltr'><strong>orbis</strong></span> <span class='ocrx_word' id='word_1_267' title='bbox 1339 2672 1399 2721; x_wconf 88' lang='lat' dir='ltr'><strong>snb·</strong></span> 
     </span>
     <span class='ocr_line' id='line_1_31' title="bbox 294 2743 1401 2808; baseline 0.004 -16"><span class='ocrx_word' id='word_1_268' title='bbox 294 2743 413 2807; x_wconf 75' lang='lat' dir='ltr'><strong>vincent,</strong></span> <span class='ocrx_word' id='word_1_269' title='bbox 430 2744 497 2808; x_wconf 87' lang='lat' dir='ltr'><strong>qnod</strong></span> <span class='ocrx_word' id='word_1_270' title='bbox 509 2744 613 2807; x_wconf 90' lang='lat' dir='ltr'><strong>plurimi</strong></span> <span class='ocrx_word' id='word_1_271' title='bbox 630 2744 827 2808; x_wconf 84' lang='lat' dir='ltr'><strong>proscribuntur</strong></span> <span class='ocrx_word' id='word_1_272' title='bbox 865 2744 981 2792; x_wconf 77' lang='lat' dir='ltr'><strong>levandae</strong></span> <span class='ocrx_word' id='word_1_273' title='bbox 994 2758 1105 2803; x_wconf 82' lang='lat' dir='ltr'><strong>causss;</strong></span> <span class='ocrx_word' id='word_1_274' title='bbox 1122 2759 1154 2791; x_wconf 91' lang='lat' dir='ltr'><strong>ac</strong></span> <span class='ocrx_word' id='word_1_275' title='bbox 1165 2752 1220 2793; x_wconf 86' lang='lat' dir='ltr'><strong>tum</strong></span> <span class='ocrx_word' id='word_1_276' title='bbox 1238 2747 1401 2806; x_wconf 75' lang='lat' dir='ltr'><strong>cogebantur</strong></span> 
     </span>
     <span class='ocr_line' id='line_1_32' title="bbox 295 2817 1401 2884; baseline 0.003 -16"><span class='ocrx_word' id='word_1_277' title='bbox 295 2833 311 2868; x_wconf 81' lang='lat' dir='ltr'><strong>s</strong></span> <span class='ocrx_word' id='word_1_278' title='bbox 323 2819 422 2882; x_wconf 89' lang='lat' dir='ltr'><strong>paucis,</strong></span> <span class='ocrx_word' id='word_1_279' title='bbox 438 2819 531 2884; x_wconf 86' lang='lat' dir='ltr'><strong>quibus</strong></span> <span class='ocrx_word' id='word_1_280' title='bbox 544 2820 647 2870; x_wconf 86' lang='lat' dir='ltr'><strong>exactio</strong></span> <span class='ocrx_word' id='word_1_281' title='bbox 659 2820 762 2884; x_wconf 89' lang='lat' dir='ltr'><strong>publica</strong></span> <span class='ocrx_word' id='word_1_282' title='bbox 781 2834 827 2883; x_wconf 90' lang='lat' dir='ltr'><strong>pe·</strong></span> <span class='ocrx_word' id='word_1_283' title='bbox 866 2832 955 2868; x_wconf 87' lang='lat' dir='ltr'><strong>omnes</strong></span> <span class='ocrx_word' id='word_1_284' title='bbox 967 2817 1094 2883; x_wconf 85' lang='lat' dir='ltr'><strong>(excepta</strong></span> <span class='ocrx_word' id='word_1_285' title='bbox 1102 2819 1218 2868; x_wconf 83' lang='lat' dir='ltr'><strong>Thraeiae</strong></span> <span class='ocrx_word' id='word_1_286' title='bbox 1228 2819 1344 2882; x_wconf 77' lang='lat' dir='ltr'><strong>dioecesi,</strong></span> <span class='ocrx_word' id='word_1_287' title='bbox 1355 2822 1401 2871; x_wconf 90' lang='lat' dir='ltr'><strong>ubi</strong></span> 
     </span>
     <span class='ocr_line' id='line_1_33' title="bbox 295 2894 1401 2959; baseline 0.004 -16"><span class='ocrx_word' id='word_1_288' title='bbox 295 2894 401 2944; x_wconf 84' lang='lat' dir='ltr'><strong>collaris</strong></span> <span class='ocrx_word' id='word_1_289' title='bbox 413 2895 564 2958; x_wconf 74' lang='lat' dir='ltr'><strong>eripieris,</strong></span> <span class='ocrx_word' id='word_1_290' title='bbox 580 2895 622 2959; x_wconf 86' lang='lat' dir='ltr'><strong>qui</strong></span> <span class='ocrx_word' id='word_1_291' title='bbox 634 2895 729 2945; x_wconf 79' lang='lat' dir='ltr'><strong>fiscalis</strong></span> <span class='ocrx_word' id='word_1_292' title='bbox 743 2895 828 2945; x_wconf 88' lang='lat' dir='ltr'><strong>debiti</strong></span> <span class='ocrx_word' id='word_1_293' title='bbox 865 2895 963 2945; x_wconf 84' lang='lat' dir='ltr'><strong>tributa</strong></span> <span class='ocrx_word' id='word_1_294' title='bbox 974 2894 1071 2943; x_wconf 85' lang='lat' dir='ltr'><strong>fiscalia</strong></span> <span class='ocrx_word' id='word_1_295' title='bbox 1083 2895 1108 2943; x_wconf 90' lang='lat' dir='ltr'><strong>io</strong></span> <span class='ocrx_word' id='word_1_296' title='bbox 1121 2895 1230 2944; x_wconf 85' lang='lat' dir='ltr'><strong>solidum</strong></span> <span class='ocrx_word' id='word_1_297' title='bbox 1241 2909 1293 2944; x_wconf 90' lang='lat' dir='ltr'><strong>nou</strong></span> <span class='ocrx_word' id='word_1_298' title='bbox 1305 2895 1401 2948; x_wconf 76' lang='lat' dir='ltr'><strong>iniere·</strong></span> 
     </span>
     <span class='ocr_line' id='line_1_34' title="bbox 295 2969 1401 3036; baseline 0.004 -17"><span class='ocrx_word' id='word_1_299' title='bbox 295 2970 385 3020; x_wconf 84' lang='lat' dir='ltr'><strong>titulos</strong></span> <span class='ocrx_word' id='word_1_300' title='bbox 395 2970 617 3036; x_wconf 78' lang='lat' dir='ltr'><strong>faciuntquaestus</strong></span> <span class='ocrx_word' id='word_1_301' title='bbox 625 2986 683 3021; x_wconf 88' lang='lat' dir='ltr'><strong>esse</strong></span> <span class='ocrx_word' id='word_1_302' title='bbox 693 2973 828 3035; x_wconf 78' lang='lat' dir='ltr'><strong>privatos:</strong></span> <span class='ocrx_word' id='word_1_303' title='bbox 866 2971 973 3032; x_wconf 84' lang='lat' dir='ltr'><strong>bantur,</strong></span> <span class='ocrx_word' id='word_1_304' title='bbox 990 2985 1048 3019; x_wconf 89' lang='lat' dir='ltr'><strong>cum</strong></span> <span class='ocrx_word' id='word_1_305' title='bbox 1067 2969 1236 3020; x_wconf 86' lang='lat' dir='ltr'><strong>borbsrorurn</strong></span> <span class='ocrx_word' id='word_1_306' title='bbox 1256 2971 1401 3023; x_wconf 82' lang='lat' dir='ltr'><strong>incursibus</strong></span> 
     </span>
     <span class='ocr_line' id='line_1_35' title="bbox 296 3045 1402 3112; baseline 0 -16"><span class='ocrx_word' id='word_1_307' title='bbox 296 3047 672 3112; x_wconf 85' lang='lat' dir='ltr'><strong>ethocnonsurnmitantnrn,</strong></span> <span class='ocrx_word' id='word_1_308' title='bbox 688 3049 734 3098; x_wconf 87' lang='lat' dir='ltr'><strong>aed</strong></span> <span class='ocrx_word' id='word_1_309' title='bbox 754 3063 828 3112; x_wconf 79' lang='lat' dir='ltr'><strong>poene</strong></span> <span class='ocrx_word' id='word_1_310' title='bbox 865 3047 952 3095; x_wconf 87' lang='lat' dir='ltr'><strong>coloni</strong></span> <span class='ocrx_word' id='word_1_311' title='bbox 982 3045 1172 3110; x_wconf 81' lang='lat' dir='ltr'><strong>otterercotur)</strong></span> <span class='ocrx_word' id='word_1_312' title='bbox 1203 3048 1306 3110; x_wconf 86' lang='lat' dir='ltr'><strong>species</strong></span> <span class='ocrx_word' id='word_1_313' title='bbox 1336 3047 1402 3098; x_wconf 83' lang='lat' dir='ltr'><strong>fisco</strong></span> 
     </span>
     <span class='ocr_line' id='line_1_36' title="bbox 294 3120 1404 3189; baseline 0.004 -19"><span class='ocrx_word' id='word_1_314' title='bbox 294 3120 392 3172; x_wconf 85' lang='lat' dir='ltr'><strong>infimi:</strong></span> <span class='ocrx_word' id='word_1_315' title='bbox 409 3122 569 3186; x_wconf 78' lang='lat' dir='ltr'><strong>conjudices</strong></span> <span class='ocrx_word' id='word_1_316' title='bbox 581 3125 672 3186; x_wconf 86' lang='lat' dir='ltr'><strong>solum,</strong></span> <span class='ocrx_word' id='word_1_317' title='bbox 689 3124 828 3174; x_wconf 87' lang='lat' dir='ltr'><strong>sedetiam</strong></span> <span class='ocrx_word' id='word_1_318' title='bbox 866 3122 992 3184; x_wconf 85' lang='lat' dir='ltr'><strong>vendere,</strong></span> <span class='ocrx_word' id='word_1_319' title='bbox 1016 3136 1101 3187; x_wconf 88' lang='lat' dir='ltr'><strong>neque</strong></span> <span class='ocrx_word' id='word_1_320' title='bbox 1123 3124 1170 3172; x_wconf 89' lang='lat' dir='ltr'><strong>ulii</strong></span> <span class='ocrx_word' id='word_1_321' title='bbox 1195 3126 1298 3187; x_wconf 88' lang='lat' dir='ltr'><strong>penitus</strong></span> <span class='ocrx_word' id='word_1_322' title='bbox 1323 3127 1404 3189; x_wconf 90' lang='lat' dir='ltr'><strong>possi·</strong></span> 
     </span>
     <span class='ocr_line' id='line_1_37' title="bbox 292 3196 1403 3263; baseline 0.004 -19"><span class='ocrx_word' id='word_1_323' title='bbox 292 3196 426 3260; x_wconf 83' lang='lat' dir='ltr'><strong>judicibus</strong></span> <span class='ocrx_word' id='word_1_324' title='bbox 454 3199 636 3262; x_wconf 81' lang='lat' dir='ltr'><strong>obsequentes.</strong></span> <span class='ocrx_word' id='word_1_325' title='bbox 670 3201 736 3252; x_wconf 75' lang='lat' dir='ltr'><strong>Quae</strong></span> <span class='ocrx_word' id='word_1_326' title='bbox 760 3203 828 3249; x_wconf 86' lang='lat' dir='ltr'><strong>enirn</strong></span> <span class='ocrx_word' id='word_1_327' title='bbox 867 3197 1115 3247; x_wconf 83' lang='lat' dir='ltr'><strong>dentinmsesesub</strong></span> <span class='ocrx_word' id='word_1_328' title='bbox 1133 3200 1308 3263; x_wconf 86' lang='lat' dir='ltr'><strong>cujuscunque</strong></span> <span class='ocrx_word' id='word_1_329' title='bbox 1325 3201 1403 3263; x_wconf 83' lang='lat' dir='ltr'><strong>privi-</strong></span> 
     </span>
     <span class='ocr_line' id='line_1_38' title="bbox 295 3270 1403 3336; baseline 0.005 -17"><span class='ocrx_word' id='word_1_330' title='bbox 295 3277 356 3320; x_wconf 86' lang='lat' dir='ltr'><strong>sunt</strong></span> <span class='ocrx_word' id='word_1_331' title='bbox 366 3285 419 3321; x_wconf 89' lang='lat' dir='ltr'><strong>aon</strong></span> <span class='ocrx_word' id='word_1_332' title='bbox 429 3272 506 3322; x_wconf 91' lang='lat' dir='ltr'><strong>modo</strong></span> <span class='ocrx_word' id='word_1_333' title='bbox 516 3273 604 3336; x_wconf 85' lang='lat' dir='ltr'><strong>urbes,</strong></span> <span class='ocrx_word' id='word_1_334' title='bbox 615 3274 659 3322; x_wconf 83' lang='lat' dir='ltr'><strong>sed</strong></span> <span class='ocrx_word' id='word_1_335' title='bbox 671 3275 749 3323; x_wconf 85' lang='lat' dir='ltr'><strong>etiarn</strong></span> <span class='ocrx_word' id='word_1_336' title='bbox 758 3289 828 3323; x_wconf 83' lang='lat' dir='ltr'><strong>mao-</strong></span> <span class='ocrx_word' id='word_1_337' title='bbox 864 3270 930 3334; x_wconf 82' lang='lat' dir='ltr'><strong>legii</strong></span> <span class='ocrx_word' id='word_1_338' title='bbox 942 3271 1077 3320; x_wconf 86' lang='lat' dir='ltr'><strong>occasione</strong></span> <span class='ocrx_word' id='word_1_339' title='bbox 1087 3275 1229 3321; x_wconf 74' lang='lat' dir='ltr'><strong>excusandi</strong></span> <span class='ocrx_word' id='word_1_340' title='bbox 1238 3275 1403 3325; x_wconf 78' lang='lat' dir='ltr'><strong>tribuebatur</strong></span> 
     </span>
     <span class='ocr_line' id='line_1_39' title="bbox 296 3344 1404 3414; baseline 0.005 -18"><span class='ocrx_word' id='word_1_341' title='bbox 296 3346 364 3410; x_wconf 88' lang='lat' dir='ltr'><strong>cipia</strong></span> <span class='ocrx_word' id='word_1_342' title='bbox 376 3354 454 3412; x_wconf 81' lang='lat' dir='ltr'><strong>etque</strong></span> <span class='ocrx_word' id='word_1_343' title='bbox 466 3348 526 3411; x_wconf 83' lang='lat' dir='ltr'><strong>vici,</strong></span> <span class='ocrx_word' id='word_1_344' title='bbox 542 3349 587 3398; x_wconf 91' lang='lat' dir='ltr'><strong>ubi</strong></span> <span class='ocrx_word' id='word_1_345' title='bbox 598 3363 649 3397; x_wconf 91' lang='lat' dir='ltr'><strong>uon</strong></span> <span class='ocrx_word' id='word_1_346' title='bbox 666 3355 729 3412; x_wconf 85' lang='lat' dir='ltr'><strong>quot</strong></span> <span class='ocrx_word' id='word_1_347' title='bbox 740 3350 829 3399; x_wconf 85' lang='lat' dir='ltr'><strong>Coria·</strong></span> <span class='ocrx_word' id='word_1_348' title='bbox 867 3344 990 3395; x_wconf 82' lang='lat' dir='ltr'><strong>facultsa.</strong></span> <span class='ocrx_word' id='word_1_349' title='bbox 1016 3347 1075 3394; x_wconf 87' lang='lat' dir='ltr'><strong>Non</strong></span> <span class='ocrx_word' id='word_1_350' title='bbox 1086 3351 1172 3394; x_wconf 89' lang='lat' dir='ltr'><strong>autem</strong></span> <span class='ocrx_word' id='word_1_351' title='bbox 1182 3347 1263 3398; x_wconf 84' lang='lat' dir='ltr'><strong>tiebat</strong></span> <span class='ocrx_word' id='word_1_352' title='bbox 1273 3350 1404 3414; x_wconf 69' lang='lat' dir='ltr'><strong>coemptio</strong></span> 
     </span>
     <span class='ocr_line' id='line_1_40' title="bbox 297 3421 1404 3489; baseline 0.005 -20"><span class='ocrx_word' id='word_1_353' title='bbox 297 3422 335 3470; x_wconf 90' lang='lat' dir='ltr'><strong>les</strong></span> <span class='ocrx_word' id='word_1_354' title='bbox 343 3421 450 3487; x_wconf 83' lang='lat' dir='ltr'><strong>fuerint,</strong></span> <span class='ocrx_word' id='word_1_355' title='bbox 466 3429 507 3473; x_wconf 93' lang='lat' dir='ltr'><strong>tot</strong></span> <span class='ocrx_word' id='word_1_356' title='bbox 518 3425 623 3488; x_wconf 83' lang='lat' dir='ltr'><strong>tyranni</strong></span> <span class='ocrx_word' id='word_1_357' title='bbox 635 3423 713 3474; x_wconf 85' lang='lat' dir='ltr'><strong>sont.&#39;</strong></span> <span class='ocrx_word' id='word_1_358' title='bbox 729 3425 806 3475; x_wconf 81' lang='lat' dir='ltr'><strong>Idem.</strong></span> <span class='ocrx_word' id='word_1_359' title='bbox 869 3423 927 3472; x_wconf 84' lang='lat' dir='ltr'><strong>sine</strong></span> <span class='ocrx_word' id='word_1_360' title='bbox 937 3421 1095 3470; x_wconf 72' lang='lat' dir='ltr'><strong>anctoritate</strong></span> <span class='ocrx_word' id='word_1_361' title='bbox 1106 3421 1242 3486; x_wconf 87' lang='lat' dir='ltr'><strong>principis,</strong></span> <span class='ocrx_word' id='word_1_362' title='bbox 1257 3424 1307 3472; x_wconf 88' lang='lat' dir='ltr'><strong>nisi</strong></span> <span class='ocrx_word' id='word_1_363' title='bbox 1318 3425 1340 3474; x_wconf 88' lang='lat' dir='ltr'><strong>si</strong></span> <span class='ocrx_word' id='word_1_364' title='bbox 1350 3441 1404 3489; x_wconf 83' lang='lat' dir='ltr'><strong>qna</strong></span> 
     </span>
     <span class='ocr_line' id='line_1_41' title="bbox 331 3497 1404 3565; baseline 0.009 -21"><span class='ocrx_word' id='word_1_365' title='bbox 331 3497 386 3545; x_wconf 79' lang='lat' dir='ltr'><strong>Nos</strong></span> <span class='ocrx_word' id='word_1_366' title='bbox 395 3499 778 3565; x_wconf 76' lang='lat' dir='ltr'><strong>aliter‚quamqsipotirbonirrr,</strong></span> <span class='ocrx_word' id='word_1_367' title='bbox 791 3502 830 3551; x_wconf 79' lang='lat' dir='ltr'><strong>is-</strong></span> <span class='ocrx_word' id='word_1_368' title='bbox 868 3499 1009 3562; x_wconf 81' lang='lat' dir='ltr'><strong>mnuicipi‘a</strong></span> <span class='ocrx_word' id='word_1_369' title='bbox 1033 3511 1142 3548; x_wconf 79' lang='lat' dir='ltr'><strong>ennooae</strong></span> <span class='ocrx_word' id='word_1_370' title='bbox 1167 3502 1280 3550; x_wconf 87' lang='lat' dir='ltr'><strong>caritste</strong></span> <span class='ocrx_word' id='word_1_371' title='bbox 1303 3502 1404 3553; x_wconf 86' lang='lat' dir='ltr'><strong>labora·</strong></span> 
     </span>
    </p>
   </div>
   <div class='ocr_carea' id='block_1_3' title="bbox 296 3570 1404 3788">
    <p class='ocr_par' dir='ltr' id='par_1_3' title="bbox 296 3570 1404 3788">
     <span class='ocr_line' id='line_1_42' title="bbox 296 3570 1404 3646; baseline 0.008 -26"><span class='ocrx_word' id='word_1_372' title='bbox 296 3571 373 3632; x_wconf 80' lang='lat' dir='ltr'><strong>dolui]</strong></span> <span class='ocrx_word' id='word_1_373' title='bbox 385 3570 507 3634; x_wconf 76' lang='lat' dir='ltr'><strong>Congroa</strong></span> <span class='ocrx_word' id='word_1_374' title='bbox 516 3575 594 3623; x_wconf 83' lang='lat' dir='ltr'><strong>rerba</strong></span> <span class='ocrx_word' id='word_1_375' title='bbox 602 3576 718 3626; x_wconf 79' lang='lat' dir='ltr'><strong>invenies</strong></span> <span class='ocrx_word' id='word_1_376' title='bbox 729 3577 755 3646; x_wconf 84' lang='lat' dir='ltr'><strong>iu</strong></span> <span class='ocrx_word' id='word_1_377' title='bbox 764 3578 830 3627; x_wconf 91' lang='lat' dir='ltr'><strong>libro</strong></span> <span class='ocrx_word' id='word_1_378' title='bbox 869 3582 938 3624; x_wconf 87' lang='lat' dir='ltr'><strong>rent.</strong></span> <span class='ocrx_word' id='word_1_379' title='bbox 972 3573 1042 3623; x_wconf 88' lang='lat' dir='ltr'><strong>Cura</strong></span> <span class='ocrx_word' id='word_1_380' title='bbox 1059 3589 1137 3637; x_wconf 89' lang='lat' dir='ltr'><strong>porro</strong></span> <span class='ocrx_word' id='word_1_381' title='bbox 1157 3577 1323 3628; x_wconf 86' lang='lat' dir='ltr'><strong>emendarum</strong></span> <span class='ocrx_word' id='word_1_382' title='bbox 1344 3595 1404 3645; x_wconf 90' lang='lat' dir='ltr'><strong>spe·</strong></span> 
     </span>
     <span class='ocr_line' id='line_1_43' title="bbox 297 3646 1404 3720; baseline 0.009 -24"><span class='ocrx_word' id='word_1_383' title='bbox 297 3646 360 3706; x_wconf 84' lang='lat' dir='ltr'><strong>lob,</strong></span> <span class='ocrx_word' id='word_1_384' title='bbox 376 3660 435 3709; x_wconf 89' lang='lat' dir='ltr'><strong>cap.</strong></span> <span class='ocrx_word' id='word_1_385' title='bbox 447 3650 486 3695; x_wconf 75' lang='lat'><strong>29.</strong></span> <span class='ocrx_word' id='word_1_386' title='bbox 505 3648 581 3698; x_wconf 79' lang='lat' dir='ltr'><strong>luem.</strong></span> <span class='ocrx_word' id='word_1_387' title='bbox 869 3651 966 3700; x_wconf 85' lang='lat' dir='ltr'><strong>ciernm</strong></span> <span class='ocrx_word' id='word_1_388' title='bbox 988 3649 1021 3696; x_wconf 87' lang='lat' dir='ltr'><strong>ad</strong></span> <span class='ocrx_word' id='word_1_389' title='bbox 1041 3663 1099 3698; x_wconf 87' lang='lat' dir='ltr'><strong>eum</strong></span> <span class='ocrx_word' id='word_1_390' title='bbox 1121 3653 1230 3716; x_wconf 88' lang='lat' dir='ltr'><strong>proprie</strong></span> <span class='ocrx_word' id='word_1_391' title='bbox 1245 3656 1404 3720; x_wconf 82' lang='lat' dir='ltr'><strong>pertinebat,</strong></span> 
     </span>
     <span class='ocr_line' id='line_1_44' title="bbox 333 3721 1402 3788; baseline 0.009 -17"><span class='ocrx_word' id='word_1_392' title='bbox 333 3724 402 3784; x_wconf 81' lang='lat' dir='ltr'><strong>Cum,</strong></span> <span class='ocrx_word' id='word_1_393' title='bbox 412 3721 500 3771; x_wconf 81' lang='lat' dir='ltr'><strong>acerba</strong></span> <span class='ocrx_word' id='word_1_394' title='bbox 509 3721 586 3782; x_wconf 66' lang='lat' dir='ltr'><strong>fomis</strong></span> <span class='ocrx_word' id='word_1_395' title='bbox 594 3725 709 3788; x_wconf 84' lang='lat' dir='ltr'><strong>tempore]</strong></span> <span class='ocrx_word' id='word_1_396' title='bbox 722 3727 789 3775; x_wconf 75' lang='lat' dir='ltr'><strong>Hanc</strong></span> <span class='ocrx_word' id='word_1_397' title='bbox 802 3733 831 3776; x_wconf 92' lang='lat' dir='ltr'><strong>ut</strong></span> <span class='ocrx_word' id='word_1_398' title='bbox 869 3726 912 3774; x_wconf 91' lang='lat' dir='ltr'><strong>coi</strong></span> <span class='ocrx_word' id='word_1_399' title='bbox 924 3724 1045 3787; x_wconf 85' lang='lat' dir='ltr'><strong>princeps</strong></span> <span class='ocrx_word' id='word_1_400' title='bbox 1056 3738 1114 3774; x_wconf 87' lang='lat' dir='ltr'><strong>cam</strong></span> <span class='ocrx_word' id='word_1_401' title='bbox 1126 3727 1302 3780; x_wconf 77' lang='lat' dir='ltr'><strong>demandarat.</strong></span> <span class='ocrx_word' id='word_1_402' title='bbox 1334 3732 1402 3782; x_wconf 68' lang='lat' dir='ltr'><strong>Haec</strong></span> 
     </span>
    </p>
   </div>
   <div class='ocr_carea' id='block_1_4' title="bbox 298 3799 1403 3945">
    <p class='ocr_par' dir='ltr' id='par_1_4' title="bbox 298 3799 1403 3945">
     <span class='ocr_line' id='line_1_45' title="bbox 298 3799 1403 3866; baseline 0.005 -16"><span class='ocrx_word' id='word_1_403' title='bbox 298 3801 391 3850; x_wconf 87' lang='lat' dir='ltr'><strong>melius</strong></span> <span class='ocrx_word' id='word_1_404' title='bbox 401 3799 541 3864; x_wconf 75' lang='lat' dir='ltr'><strong>intelliges,</strong></span> <span class='ocrx_word' id='word_1_405' title='bbox 559 3801 619 3850; x_wconf 81' lang='lat' dir='ltr'><strong>ride</strong></span> <span class='ocrx_word' id='word_1_406' title='bbox 628 3804 723 3865; x_wconf 87' lang='lat' dir='ltr'><strong>passim</strong></span> <span class='ocrx_word' id='word_1_407' title='bbox 733 3803 833 3852; x_wconf 83' lang='lat' dir='ltr'><strong>Cassio-</strong></span> <span class='ocrx_word' id='word_1_408' title='bbox 870 3799 903 3848; x_wconf 90' lang='lat' dir='ltr'><strong>de</strong></span> <span class='ocrx_word' id='word_1_409' title='bbox 913 3799 1048 3862; x_wconf 82' lang='lat' dir='ltr'><strong>Synooeto</strong></span> <span class='ocrx_word' id='word_1_410' title='bbox 1064 3803 1213 3866; x_wconf 71' lang='lat' dir='ltr'><strong>collegimus</strong></span> <span class='ocrx_word' id='word_1_411' title='bbox 1228 3819 1262 3854; x_wconf 85' lang='lat' dir='ltr'><strong>ex</strong></span> <span class='ocrx_word' id='word_1_412' title='bbox 1271 3805 1403 3856; x_wconf 84' lang='lat' dir='ltr'><strong>lnriscon-</strong></span> 
     </span>
     <span class='ocr_line' id='line_1_46' title="bbox 299 3873 1403 3945; baseline 0.007 -20"><span class='ocrx_word' id='word_1_413' title='bbox 299 3875 390 3926; x_wconf 86' lang='lat' dir='ltr'><strong>dorum</strong></span> <span class='ocrx_word' id='word_1_414' title='bbox 400 3873 502 3923; x_wconf 89' lang='lat' dir='ltr'><strong>Variar.</strong></span> <span class='ocrx_word' id='word_1_415' title='bbox 522 3889 574 3924; x_wconf 83' lang='lat'>111.</span> <span class='ocrx_word' id='word_1_416' title='bbox 597 3877 696 3926; x_wconf 85' lang='lat' dir='ltr'><strong>‘Certe</strong></span> <span class='ocrx_word' id='word_1_417' title='bbox 718 3877 750 3926; x_wconf 89' lang='lat' dir='ltr'><strong>ad</strong></span> <span class='ocrx_word' id='word_1_418' title='bbox 775 3883 831 3925; x_wconf 85' lang='lat' dir='ltr'><strong>ton·</strong></span> <span class='ocrx_word' id='word_1_419' title='bbox 869 3876 994 3925; x_wconf 89' lang='lat' dir='ltr'><strong>sultorum</strong></span> <span class='ocrx_word' id='word_1_420' title='bbox 1004 3875 1192 3930; x_wconf 77' lang='lat' dir='ltr'><strong>Phoenieedsc.</strong></span> <span class='ocrx_word' id='word_1_421' title='bbox 1199 3879 1315 3943; x_wconf 83' lang='lat' dir='ltr'><strong>cujacio,</strong></span> <span class='ocrx_word' id='word_1_422' title='bbox 1325 3896 1403 3945; x_wconf 86' lang='lat' dir='ltr'><strong>quern</strong></span> 
     </span>
    </p>
   </div>
   <div class='ocr_carea' id='block_1_5' title="bbox 224 3951 1404 4018">
    <p class='ocr_par' dir='ltr' id='par_1_5' title="bbox 224 3951 1404 4018">
     <span class='ocr_line' id='line_1_47' title="bbox 224 3951 1404 4018; baseline 0.004 -15"><span class='ocrx_word' id='word_1_423' title='bbox 224 4011 227 4018; x_wconf 71' lang='lat'><em>,</em></span> <span class='ocrx_word' id='word_1_424' title='bbox 300 3959 353 4003; x_wconf 81' lang='lat' dir='ltr'><strong>tem</strong></span> <span class='ocrx_word' id='word_1_425' title='bbox 382 3951 518 4015; x_wconf 87' lang='lat' dir='ltr'><strong>penuriam</strong></span> <span class='ocrx_word' id='word_1_426' title='bbox 544 3953 741 4016; x_wconf 85' lang='lat' dir='ltr'><strong>provincialium</strong></span> <span class='ocrx_word' id='word_1_427' title='bbox 764 3958 830 4003; x_wconf 82' lang='lat' dir='ltr'><strong>tom</strong></span> <span class='ocrx_word' id='word_1_428' title='bbox 869 3953 930 4002; x_wconf 81' lang='lat' dir='ltr'><strong>ride</strong></span> <span class='ocrx_word' id='word_1_429' title='bbox 942 3952 1085 4004; x_wconf 83' lang='lat' dir='ltr'><strong>Observat.</strong></span> <span class='ocrx_word' id='word_1_430' title='bbox 1098 3968 1117 4003; x_wconf 91' lang='lat'><strong>1.</strong></span> <span class='ocrx_word' id='word_1_431' title='bbox 1128 3969 1151 4004; x_wconf 82' lang='lat' dir='ltr'><strong>c.</strong></span> <span class='ocrx_word' id='word_1_432' title='bbox 1162 3959 1203 4004; x_wconf 72' lang='lat'><strong>86.</strong></span> <span class='ocrx_word' id='word_1_433' title='bbox 1222 3963 1250 4005; x_wconf 87' lang='lat' dir='ltr'><strong>et</strong></span> <span class='ocrx_word' id='word_1_434' title='bbox 1267 3956 1404 4010; x_wconf 82' lang='lat' dir='ltr'><strong>Common-</strong></span> 
     </span>
    </p>
   </div>
   <div class='ocr_carea' id='block_1_6' title="bbox 300 4028 1403 4324">
    <p class='ocr_par' dir='ltr' id='par_1_6' title="bbox 300 4028 1403 4324">
     <span class='ocr_line' id='line_1_48' title="bbox 300 4028 1402 4099; baseline 0.003 -19"><span class='ocrx_word' id='word_1_435' title='bbox 300 4037 476 4096; x_wconf 81' lang='lat' dir='ltr'><strong>pervenerunt</strong></span> <span class='ocrx_word' id='word_1_436' title='bbox 494 4028 615 4094; x_wconf 76' lang='lat' dir='ltr'><strong>fortunae,</strong></span> <span class='ocrx_word' id='word_1_437' title='bbox 633 4037 662 4080; x_wconf 86' lang='lat' dir='ltr'><strong>ot</strong></span> <span class='ocrx_word' id='word_1_438' title='bbox 682 4031 743 4081; x_wconf 79' lang='lat' dir='ltr'><strong>vitae</strong></span> <span class='ocrx_word' id='word_1_439' title='bbox 764 4032 831 4094; x_wconf 88' lang='lat' dir='ltr'><strong>peri·</strong></span> <span class='ocrx_word' id='word_1_440' title='bbox 871 4039 920 4082; x_wconf 89' lang='lat' dir='ltr'><strong>tar.</strong></span> <span class='ocrx_word' id='word_1_441' title='bbox 938 4033 969 4080; x_wconf 84' lang='lat' dir='ltr'><strong>ad</strong></span> <span class='ocrx_word' id='word_1_442' title='bbox 989 4032 1055 4081; x_wconf 82' lang='lat' dir='ltr'><strong>cod.</strong></span> <span class='ocrx_word' id='word_1_443' title='bbox 1076 4031 1121 4081; x_wconf 90' lang='lat' dir='ltr'><strong>lib.</strong></span> <span class='ocrx_word' id='word_1_444' title='bbox 1139 4045 1167 4080; x_wconf 82' lang='lat' dir='ltr'><strong>x.</strong></span> <span class='ocrx_word' id='word_1_445' title='bbox 1191 4042 1210 4082; x_wconf 85' lang='lat' dir='ltr'><strong>r.</strong></span> <span class='ocrx_word' id='word_1_446' title='bbox 1228 4036 1270 4082; x_wconf 75' lang='lat'><strong>27.</strong></span> <span class='ocrx_word' id='word_1_447' title='bbox 1304 4034 1402 4099; x_wconf 67' lang='lat' dir='ltr'><strong>Opere</strong></span> 
     </span>
     <span class='ocr_line' id='line_1_49' title="bbox 300 4105 1403 4176; baseline 0.006 -20"><span class='ocrx_word' id='word_1_448' title='bbox 300 4108 359 4156; x_wconf 89' lang='lat' dir='ltr'><strong>cula</strong></span> <span class='ocrx_word' id='word_1_449' title='bbox 379 4105 506 4154; x_wconf 80' lang='lat' dir='ltr'><strong>sustinere</strong></span> <span class='ocrx_word' id='word_1_450' title='bbox 529 4121 579 4155; x_wconf 92' lang='lat' dir='ltr'><strong>non</strong></span> <span class='ocrx_word' id='word_1_451' title='bbox 606 4107 760 4170; x_wconf 81' lang='lat' dir='ltr'><strong>potuissent,</strong></span> <span class='ocrx_word' id='word_1_452' title='bbox 782 4107 831 4156; x_wconf 87' lang='lat' dir='ltr'><strong>nisi</strong></span> <span class='ocrx_word' id='word_1_453' title='bbox 870 4107 1082 4170; x_wconf 76' lang='lat' dir='ltr'><strong>proclamantem</strong></span> <span class='ocrx_word' id='word_1_454' title='bbox 1090 4105 1403 4176; x_wconf 82' lang='lat' dir='ltr'><strong>mibiioceresumvisus,</strong></span> 
     </span>
     <span class='ocr_line' id='line_1_50' title="bbox 301 4181 1401 4247; baseline 0.009 -19"><span class='ocrx_word' id='word_1_455' title='bbox 301 4181 338 4228; x_wconf 90' lang='lat' dir='ltr'><strong>eis</strong></span> <span class='ocrx_word' id='word_1_456' title='bbox 355 4181 438 4243; x_wconf 79' lang='lat' dir='ltr'><strong>pietas</strong></span> <span class='ocrx_word' id='word_1_457' title='bbox 455 4181 547 4243; x_wconf 78' lang='lat' dir='ltr'><strong>regalis</strong></span> <span class='ocrx_word' id='word_1_458' title='bbox 571 4183 649 4232; x_wconf 82' lang='lat' dir='ltr'><strong>solitu</strong></span> <span class='ocrx_word' id='word_1_459' title='bbox 669 4183 830 4232; x_wconf 84' lang='lat' dir='ltr'><strong>humanitate</strong></span> <span class='ocrx_word' id='word_1_460' title='bbox 869 4183 891 4232; x_wconf 90' lang='lat' dir='ltr'><strong>si</strong></span> <span class='ocrx_word' id='word_1_461' title='bbox 902 4183 1041 4247; x_wconf 87' lang='lat' dir='ltr'><strong>adjicerem</strong></span> <span class='ocrx_word' id='word_1_462' title='bbox 1051 4183 1136 4230; x_wconf 88' lang='lat' dir='ltr'><strong>locurn</strong></span> <span class='ocrx_word' id='word_1_463' title='bbox 1148 4182 1297 4235; x_wconf 82' lang='lat' dir='ltr'><strong>Cassiodori</strong></span> <span class='ocrx_word' id='word_1_464' title='bbox 1308 4203 1341 4237; x_wconf 78' lang='lat' dir='ltr'><strong>ex</strong></span> <span class='ocrx_word' id='word_1_465' title='bbox 1356 4189 1401 4239; x_wconf 89' lang='lat' dir='ltr'><strong>lih.</strong></span> 
     </span>
     <span class='ocr_line' id='line_1_51' title="bbox 301 4257 1403 4324; baseline 0.008 -20"><span class='ocrx_word' id='word_1_466' title='bbox 301 4257 495 4322; x_wconf 46' lang='lat' dir='ltr'><strong>prospexisse&amp;</strong></span> <span class='ocrx_word' id='word_1_467' title='bbox 507 4266 535 4308; x_wconf 91' lang='lat' dir='ltr'><strong>ut</strong></span> <span class='ocrx_word' id='word_1_468' title='bbox 545 4259 659 4324; x_wconf 89' lang='lat' dir='ltr'><strong>loquitur</strong></span> <span class='ocrx_word' id='word_1_469' title='bbox 668 4261 736 4311; x_wconf 87' lang='lat' dir='ltr'><strong>idem</strong></span> <span class='ocrx_word' id='word_1_470' title='bbox 747 4261 773 4310; x_wconf 88' lang='lat' dir='ltr'><strong>d.</strong></span> <span class='ocrx_word' id='word_1_471' title='bbox 783 4261 829 4312; x_wconf 91' lang='lat' dir='ltr'><strong>lib.</strong></span> <span class='ocrx_word' id='word_1_472' title='bbox 868 4273 902 4308; x_wconf 86' lang='lat'><strong>11.</strong></span> <span class='ocrx_word' id='word_1_473' title='bbox 913 4259 976 4308; x_wconf 81' lang='lat' dir='ltr'><strong>Ver.</strong></span> <span class='ocrx_word' id='word_1_474' title='bbox 994 4257 1078 4321; x_wconf 77' lang='lat' dir='ltr'><strong>Epist.</strong></span> <span class='ocrx_word' id='word_1_475' title='bbox 1099 4260 1140 4306; x_wconf 73' lang='lat'><strong>28.</strong></span> <span class='ocrx_word' id='word_1_476' title='bbox 1160 4257 1205 4308; x_wconf 87' lang='lat' dir='ltr'><strong>nbi</strong></span> <span class='ocrx_word' id='word_1_477' title='bbox 1224 4261 1403 4313; x_wconf 83' lang='lat' dir='ltr'><strong>Theudoricus</strong></span> 
     </span>
    </p>
   </div>
   <div class='ocr_carea' id='block_1_7' title="bbox 0 0 1617 4959">
    <p class='ocr_par' dir='ltr' id='par_1_7' title="bbox 0 0 1617 4959">
     <span class='ocr_line' id='line_1_52' title="bbox 0 0 1617 4959; baseline 0 0"><span class='ocrx_word' id='word_1_478' title='bbox 0 0 1617 4959; x_wconf 95' lang='lat' dir='ltr'><strong> </strong></span> 
     </span>
    </p>
   </div>
  </div>
 </body>
</html>
