3184 4959
326 401 392 470 370
671 417 824 469 nournrr
850 420 899 470 uu
922 419 1076 470 consor:

328 561 425 629 sibile
450 567 513 639 est,
537 562 671 644 qualem
695 565 800 646 paulo
826 570 902 628 ante
914 559 1137 628 definivimus.
1180 559 1273 641 Quid
1290 559 1424 644 igitur'l

327 665 485 746 inquam:
514 663 635 727 nihilne
667 663 836 747 estquod
863 665 917 728 vel
940 682 1041 728 casus
1067 664 1122 728 vel
1146 662 1324 727 fortuitum
1345 665 1423 746 jure

328 763 496 847 appellari
521 765 647 846 queat?
690 762 742 826 An
765 772 817 828 est
839 764 979 847 aliquid,
1005 764 1137 829 tametsi
1160 766 1282 846 vulgus
1306 764 1423 841 lateat,

328 865 383 930 cui
397 866 563 930 vocabula
578 866 644 929 ista
658 865 877 929 convenienti
900 863 1121 929 Aristoteles⁰
1135 884 1229 927 meus
1240 865 1287 942 id,
1300 865 1423 948 iuquit,

328 967 363 1031 in
378 965 558 1050 Physicis»
585 971 619 1030 et
639 967 733 1031 brevi
748 973 781 1032 et
803 968 874 1032 veri
897 967 1089 1049 propinqua
1110 968 1237 1030 ratione
1262 965 1425 1029 definivit.

329 1065 499 1146 Quonam,
517 1067 665 1150 iuquam,
678 1066 806 1131 modol
830 1065 988 1144 Quoties,
1004 1069 1064 1144 ait,
1079 1065 1207 1150 aliquid
1229 1066 1425 1150 cujuspiam·

328 1169 378 1234 rei
398 1171 506 1251 gratia
521 1169 655 1250 geritur,
685 1169 844 1251 aliudque
869 1168 1072 1253 quibusdam
1096 1169 1138 1231 de
1165 1168 1291 1244 causis,
1318 1181 1425 1250 quam·

328 1269 421 1352 quod
447 1268 692 1345 intendebatur,
716 1270 874 1348 obtingit,
903 1286 1004 1332 casus
1031 1274 1190 1354 vocatur:
1225 1272 1265 1332 ut
1290 1267 1424 1350 siquis

329 1369 460 1434 colendi
486 1372 555 1452 agri
574 1387 678 1433 eausa
701 1368 835 1431 fodiens
865 1370 1011 1446 humum,
1035 1369 1163 1433 defossi
1189 1369 1263 1433 auri
1288 1369 1429 1452 pondus

328 1472 488 1536 inveniat.
531 1467 612 1535 Hoc
627 1466 726 1548 igitur
745 1467 903 1535 fortuito4
933 1469 1065 1553 quidem
1080 1469 1223 1535 creditur
1237 1469 1423 1534 accidisse:

329 1589 446 1635 verum
470 1569 600 1633 nonde
625 1569 730 1632 nihilo
755 1575 826 1634 est:
860 1591 938 1634 nam
965 1571 1123 1654 proprias
1152 1588 1275 1635 causas
1301 1568 1423 1634 habet:

331 1689 471 1754 quarum
487 1670 689 1752 improvisus
711 1671 975 1754 inopinatusque
989 1689 1171 1736 concursus
1188 1689 1314 1736 easum
1328 1671 1427 1735 vide-¹

331 1778 384 1837 tur
399 1776 566 1854 operatus.
617 1769 708 1834 Nam
729 1771 798 1834 uisi
817 1772 926 1836 cultor
950 1774 1019 1854 agri
1040 1773 1174 1836 humum
1197 1771 1334 1848 foderet,
1357 1770 1426 1834 nisi

330 1892 372 1938 eo
385 1873 485 1937 loco⁵
506 1872 682 1956 pecuniam
707 1889 804 1935 suam
828 1872 1000 1955 depositor
1022 1873 1201 1950 obruisset,
1225 1889 1343 1936 aurum
1358 1881 1427 1935 nou

332 1981 427 2038 esset
440 1974 621 2037 inventum.
666 1971 735 2036 He'e
750 1961 829 2035 'sunt
845 1973 949 2053 igitur
972 1975 1101 2038 fortuiti
1126 1994 1241 2039 causes
1265 1991 1426 2056 compen-

331 2074 405 2151 diis
427 2072 517 2156 quod
534 2092 579 2135 ex
593 2071 703 2135 obviis
718 2071 795 2149 sibi,
821 2077 855 2135 et
879 2073 1122 2138 confluentibus
1147 2077 1274 2152 causis,
1300 2093 1368 2138 nou
1381 2093 1427 2136 ex

333 2176 474 2256 gerentis
496 2173 675 2238 intentione
695 2175 856 2256 provenit.
901 2174 1024 2259 Neque
1049 2177 1137 2240 enim
1159 2179 1212 2242 vel
1227 2178 1287 2260 qui
1309 2189 1427 2240 aurum

334 2277 454 2352 obruit,
470 2279 524 2341 vel
533 2277 591 2359 qui
605 2297 719 2358 agrum
732 2277 893 2354 exercuit,
903 2283 942 2342 ut
955 2298 995 2342 ea
1011 2279 1152 2361 pecunia
1167 2279 1364 2363 reperiretur
1374 2281 1426 2338 in-

333 2378 458 2442 tendit:
482 2379 554 2455 sed,
569 2379 620 2443 uti
634 2378 719 2457 dixi,
746 2379 836 2462 quod
861 2381 919 2444 ille
934 2378 1073 2458 obruit,⁶
1102 2381 1191 2444 hune
1206 2380 1335 2444 fodisse
1349 2397 1427 2443 con·

366 2539 555 2611 ‘Philosophus
618 2539 833 2604 uruntcapo.
897 2542 1226 2602 remuneremur-r.

791 2671 971 2695 O‘mm

334 2760 444 2819 uterque
459 2753 529 2805 Viot.
556 2757 609 2808 lior
625 2757 877 2818 igiturfmtuim-t
895 2762 933 2809 Eo
952 2762 997 2810 lori
1017 2762 1117 2826 Delph.
1136 2761 1223 2812 nack.
1242 2762 1307 2825 Reg.
1324 2777 1351 2813 eo
1369 2764 1427 2814 lero.

333 2821 430 2868 Thoan.
441 2819 584 2869 secundus:
601 2823 628 2870 in
637 2837 663 2870 eo
672 2822 779 2871 toea—6
795 2824 847 2874 Ma.
858 2825 985 2874 Ritterrh.
996 2825 1057 2877 edd.
1067 2827 1162 2890 Delph.
1179 2832 1208 2876 et
1224 2825 1311 2877 Haek.
1327 2841 1373 2890 qu
1387 2828 1428 2878 ille

334 2883 421 2932 obruit.
432 2884 498 2946 Reg.
509 2884 614 2936 etVict.
625 2885 769 2936 secundus:
787 2889 848 2950 qaod
858 2889 899 2938 ille
907 2888 993 2940 obruit.

826 2998 935 3051 Nona

334 3092 441 3142 nihilum
460 3106 510 3141 uon
538 3093 621 3155 possit
642 3108 699 3146 esse
726 3094 804 3144 ullius
822 3097 862 3145 rei
902 3113 970 3149 noue
981 3100 1085 3165 dieitur,
1102 3099 1204 3150 ‘faeiat
1218 3100 1281 3150 ordo
1292 3097 1337 3148 ille
1347 3097 1428 3149 ineri-

336 3182 421 3229 causa,
431 3174 551 3218 eventurn
559 3184 634 3220 omne
645 3174 755 3236 aliquam
767 3173 863 3223 lrabeat
903 3174 975 3220 tabili
991 3177 1150 3222 connexione
1170 3176 1322 3236 procedens,
1339 3174 1426 3239 quide

336 3255 449 3305 eausam,
464 3244 556 3292 saltem
572 3247 736 3307 exteriorem,
752 3260 861 3297 neeesse
902 3245 1080 3295 Providentia·
1088 3246 1162 3295 fonte
1174 3247 1342 3310 descendeus,
1351 3263 1427 3299 eune

336 3323 386 3368 est.
412 3318 439 3366 si
459 3333 520 3368 vero
540 3319 642 3369 ‘onus'
660 3320 762 3371 dicatur
783 3335 862 3371 eveu-
902 3319 990 3367 tarnis
998 3321 1064 3368 locir
1072 3321 1284 3387 temporibusque
1296 3324 1428 3388 disponit!

334 3401 389 3444 tarn
399 3395 624 3460 aliqueeausarum
634 3397 793 3446 connexione
803 3410 863 3461 pro·
902 3393 939 3442 At
954 3393 973 3441 si
986 3393 1114 3457 praedicta
1124 3409 1203 3444 eausa
1213 3395 1294 3448 fuerit
1305 3400 1428 3462 secunda,

335 3470 450 3532 ductum,
477 3473 522 3521 red
548 3478 645 3536 prater
666 3473 798 3523 notionem
818 3487 862 3523 vo·
903 3470 1004 3520 ‘eatur'
1022 3476 1108 3534 potest
1127 3470 1248 3523 admitti:
1276 3475 1337 3539 quia
1357 3489 1426 3538 srepe

335 3544 634 3608 luntatemqueogeatis;
651 3547 863 3609 distinguendum
902 3554 1023 3596 eventurn
1031 3547 1182 3610 producitur
1191 3549 1426 3611 praeternotionem

335 3624 385 3668 ert.
417 3617 466 3667 Vel
488 3619 555 3666 euim
573 3634 650 3669 cansa
671 3622 737 3683 hae,
763 3629 863 3684 prater
901 3625 930 3670 et
945 3623 1103 3671 voluntatem
1123 3623 1249 3674 hominis:
1267 3631 1296 3674 ut
1311 3625 1353 3674 ‘si
1371 3624 1426 3689 quir

231 3751 235 3765 ι
335 3691 549 3755 eujusuotionem
562 3694 772 3758 voluntatemque
783 3709 862 3744 even·
903 3697 1006 3746 colendi
1023 3698 1080 3760 agri
1099 3713 1178 3748 eausa
1194 3700 1297 3750 fodiens
1315 3701 1425 3762 humum,

336 3772 391 3817 tum
403 3765 578 3829 dieitur'freri,
587 3774 627 3816 est
639 3767 732 3831 prima,
741 3769 863 3819 nimirum
903 3769 1001 3820 defossi
1013 3772 1068 3820 auri
1077 3773 1177 3835 pondus
1188 3773 1304 3823 iuveniat
1313 3773 1330 3819 τ’
1347 3788 1424 3837 quau·

334 3846 409 3895 Deus
422 3861 430 3906 ;
442 3845 484 3895 vel
493 3852 534 3894 est
546 3845 667 3907 rectruda,
674 3859 767 3909 nempe
778 3847 862 3897 homo.
904 3860 980 3910 quem
992 3848 1060 3897 euim
1071 3863 1149 3899 eausa
1165 3849 1251 3911 aliqua
1267 3845 1357 3910 fuerit,
1369 3863 1424 3912 qna

335 3921 361 3971 Si
382 3923 533 3970 repsallere
562 3919 642 3970 fuerit
663 3921 756 3984 prime,
772 3923 862 3992 ,nulus
903 3937 990 3972 aurum
999 3924 1126 3987 obruerit,
1137 3937 1282 3988 quanquam
1293 3923 1371 3974 etiam
1382 3927 1425 3975 ali-

339 3997 443 4045 ournino
460 3997 469 4026 ‘
481 3995 565 4047 easus’
577 4001 633 4045 est:
652 3996 863 4061 quandoquidem
902 4013 952 4061 que
962 4013 1040 4049 eausa
1051 4001 1093 4064 sit,
1103 4014 1160 4062 qua
1173 3998 1319 4048 exomendo
1330 4006 1425 4050 terram

336 4072 432 4120 nullum
452 4081 574 4122 eventum
593 4071 745 4136 producitur
765 4081 864 4136 praeter
903 4088 993 4123 aarum
1006 4075 1151 4133 detexerit3
1166 4072 1226 4136 quia
1237 4079 1324 4123 taurea
1335 4088 1424 4124 aurun

335 4145 468 4196 notionem
486 4148 696 4212 voluntatemque
712 4149 778 4198 Deir
803 4163 862 4200 eum
902 4156 998 4213 prater
1006 4152 1135 4201 notionem
1143 4150 1424 4214 voluntatemqueagri·

335 4220 510 4272 ‘concurrere
521 4237 552 4272 ee
563 4221 692 4273 confluere
710 4224 818 4287 oausaq’
833 4231 864 4275 ut
902 4224 1104 4276 coleiuvenitar
1112 4224 1145 4275 eb
1154 4225 1209 4288 ipso
1217 4223 1340 4287 agricola,
1348 4224 1422 4276 idcir·
