3184 4959
325 999 620 1078 nnnouoru
654 999 944 1078 nutantum
974 977 1373 1090 cmunnunor'r

412 1289 507 1380 DE
547 1291 802 1382 METRIS
839 1285 1259 1388 BOETHIANiS

687 1621 963 1698 LIBELLUS.

663 1943 1020 1956 Ἥ

293 2187 462 2278 Gnarum
479 2226 634 2277 metrorum
650 2216 757 2295 quibus
772 2215 800 2274 in
816 2215 896 2275 libris
910 2217 948 2277 dc
963 2214 1169 2281 Consolatione
1183 2183 1379 2301 Philosophiae

293 2318 363 2358 usus
375 2308 418 2356 eut
435 2297 575 2357 Boiithius
589 2306 657 2356 sunt
673 2317 722 2356 sex
736 2307 768 2355 et
783 2296 896 2374 viginti.

333 2463 460 2521 Metrum
474 2461 611 2540 primum,
625 2461 749 2520 Diooion
764 2462 958 2542 distrophon:
979 2471 1098 2522 constat
1108 2464 1185 2524 onim
1200 2466 1330 2536 barcino,
1350 2476 1380 2525 ct

291 2552 491 2618 pentametro:
514 2562 575 2619 quo
589 2541 633 2599 bia
649 2542 748 2600 utitur.

369 2671 372 2677 ’
404 2701 423 2736 1.
440 2690 463 2736 1.
481 2685 598 2735 carmina
610 2684 652 2748 qui
663 2683 792 2747 quondam
803 2681 888 2731 atndio
898 2680 1006 2731 florento
1017 2684 1117 2746 peregi,

514 2747 628 2808 Flebilis,
640 2749 698 2810 hou,
709 2753 812 2795 moeatoa
824 2759 903 2808 cogor
913 2747 978 2793 inito
988 2745 1087 2796 modos.

484 2817 509 2862 rt.
527 2817 550 2862 l.
568 2811 607 2861 Ro
627 2812 648 2860 is
660 2810 831 2861 Achaemeniae
844 2809 967 2872 ncopntis,
979 2809 1022 2858 obi
1034 2822 1106 2859 verna
1118 2816 1269 2874 sequentum

609 2827 764 2925 i¹cctnribns
775 2870 833 2936 figit
844 2873 943 2937 spicula
953 2887 1040 2937 pugna
1051 2871 1139 2937 fugax.

578 2963 642 2992 'W
673 2963 736 2992 ’W
767 2961 832 2990 *W
863 2961 928 2990 W
958 2959 1023 2989 'W
1053 2965 1097 2974 ’-

609 3025 673 3056 ·υυ
705 3029 746 3040 --
778 3029 795 3038 -
826 3025 890 3054 -νυ
920 3021 985 3054 -w
1016 3027 1034 3038 -

331 3145 369 3200 11.
386 3143 577 3204 Monocoiou.
602 3145 769 3202 Versuscst
784 3142 949 3219 dactylicus
963 3141 1132 3200 Alcmanius
1146 3151 1313 3203 tetrameter
1327 3144 1379 3222 hy-

291 3221 524 3298 percatalectus:
545 3221 594 3298 qui
608 3232 724 3279 constat
738 3240 855 3279 caesura
869 3220 1069 3296 semiquinaria
1094 3220 1226 3292 heroica,
1242 3223 1375 3302 dactylo,

290 3309 321 3359 et
335 3300 488 3379 spondaeo,
503 3300 565 3359 sive
580 3302 725 3358 trochaeo:
738 3319 799 3377 quo
813 3298 904 3357 cernel
919 3302 1017 3356 utitur.

513 3441 533 3475 1.
550 3429 574 3476 t.
592 3425 660 3488 Heu,
672 3439 747 3488 qunm
760 3422 887 3488 praecipiti
898 3438 982 3472 marsa
992 3422 1130 3488 profundo.

592 3517 635 3527 -.
666 3513 729 3542 ,w
759 3516 777 3525 -
808 3511 872 3540 ‚W
904 3515 946 3524 -.

329 3617 385 3675 111.
408 3615 532 3676 Dicolon
547 3616 732 3694 distrophon.
775 3618 889 3675 Primus
912 3618 1038 3694 quisque
1063 3637 1161 3676 vernus
1186 3628 1232 3677 est
1252 3618 1376 3699 dactyli-

290 3715 352 3755 cus.
394 3694 547 3754 Secundus
562 3696 730 3754 Aicmnnins
744 3695 908 3772 dactylicus
933 3704 1100 3755 tetrameter
1122 3699 1309 3768 acatalectus,
1324 3701 1375 3776 qni

290 3785 419 3852 quatuor
442 3773 568 3851 dactylis
596 3775 800 3849 componitur:
822 3774 969 3833 interdurn
992 3784 1098 3847 tameo,
1124 3788 1317 3854 praterqnam
1344 3779 1374 3836 in

289 3864 393 3932 quarta
406 3855 534 3933 regione,
547 3853 721 3930 spondaeum
736 3853 872 3911 admittit.
904 3853 1002 3912 Utitur
1016 3855 1072 3914 hoc
1086 3855 1182 3916 Metro
1196 3855 1293 3916 scmci.

480 3995 500 4031 r.
518 3984 541 4032 ³.
558 3980 631 4030 Tunc
642 3995 682 4028 me
693 3979 811 4030 discussa
822 3981 950 4044 liquerunt
961 3989 1038 4032 nocto
1049 3984 1174 4046 tenebre,

591 4043 790 4109 Luminibusque
803 4045 874 4108 prior
885 4046 963 4096 rediit
974 4049 1054 4111 vigor.

589 4194 654 4227 ’W
684 4197 748 4226 ’W
779 4196 842 4226 ’W
874 4196 937 4228 ’W
