3184 4959
299 375 364 448 480
643 382 751 440 norm
778 383 977 443 vsnrounls
1001 387 1041 440 ru

301 537 382 586 semel
404 532 501 598 optasti
519 532 635 596 pulcram
657 546 705 594 per
725 533 832 581 ruluera
901 535 960 584 «losa
970 535 1120 584 coauosudo
1136 547 1199 582 mors
1213 531 1302 598 monet]
1317 531 1348 584 In
1364 532 1397 586 E·

303 616 423 672 mortem,
444 610 483 658 Ut
503 609 573 658 nnllo
601 621 688 671 posses
714 613 833 671 tempora
870 609 1045 672 pigrannnate,
1059 609 1162 672 Sulpitii
1182 610 1399 674 Carthaginiensis

303 685 388 734 Brute
399 683 481 734 mori?
498 684 573 732 ldcss.
871 684 903 732 de
916 685 1024 734 AEneide
1035 685 1153 746 Virgilii:
1170 687 1177 714 ⁸
1187 684 1284 734 Infelix
1296 684 1399 748 gemino

337 761 410 824 Coto]
428 760 471 810 Ad
490 758 644 809 Censorium
661 763 706 807 aut
725 757 833 806 Uticen·
870 759 967 808 cecidit
994 774 1075 822 prope
1097 760 1245 823 Pergamon
1270 760 1339 822 igue,
1365 761 1401 810 Et

302 850 357 886 sem
375 836 491 899 respicit.
525 835 642 882 Fuerunt
662 839 691 882 et
712 832 766 893 alii,
785 831 833 880 aed
872 849 946 898 pene
958 841 999 884 est
1010 836 1150 900 alio‘l'roje
1161 841 1278 885 cremate
1290 835 1372 899 rogo.y

244 952 247 956 1
301 913 385 961 miuus
403 909 608 970 clericatum,
626 907 834 972 quosSnlpitius
904 911 1001 960 Pnoss
1022 914 1046 959 8.
1080 911 1130 960 Sed
1150 925 1180 960 stc
1201 925 1237 960 ose
1255 909 1401 962 insanabile

301 986 456 1049 Apollinaris
468 985 754 1048 sigillatimennmesat,
764 981 833 1047 apud
871 989 953 1034 contro
968 984 1093 1043 fortunam
1116 999 1199 1046 gerere
1222 985 1307 1036 bellator
1321 982 1402 1046 prutes]

301 1062 433 1128 Agellium
444 1063 490 1113 lib.
501 1067 541 1114 la.
552 1079 611 1129 cap.
622 1068 663 1115 18.
674 1063 750 1112 Idem.
871 1059 1005 1110 Johnnues
1023 1059 1226 1111 saresberiensis
1246 1060 1272 1110 iu
1288 1060 1402 1110 Policrs·

334 1137 423 1200 Sigsot
444 1140 572 1202 superstes]
588 1139 677 1187 Primo
700 1138 771 1201 perit
789 1139 835 1186 ho·
873 1135 918 1184 tici
934 1135 979 1186 lib.
991 1149 1017 1184 v.
1028 1150 1086 1198 cap.
1103 1139 1143 1186 10.
1160 1136 1222 1185 ‘Ne
1239 1142 1326 1185 tamen
1343 1147 1401 1186 cum

302 1212 425 1275 mu,indc
443 1214 565 1276 cadaver,
580 1214 780 1264 deiudenomen
796 1213 836 1276 ip·
873 1209 912 1258 his
935 1225 977 1260 me
1000 1211 1097 1260 bellum
1123 1210 1283 1261 inexorabile
1310 1224 1402 1273 gerere

304 1300 372 1338 sum.
405 1289 463 1339 Nec
478 1291 571 1339 saltem
582 1290 632 1339 hnc
643 1289 675 1338 fit
685 1290 712 1338 in
723 1289 837 1349 homine,
874 1293 964 1348 putes;
975 1301 1082 1336 munera
1091 1287 1401 1336 eurialesliceuterecci·

302 1362 350 1413 sed
376 1363 457 1413 etiam
483 1363 511 1414 in
545 1365 691 1413 celebribus
720 1363 835 1413 urbibus.
874 1361 957 1424 pient,
978 1361 1038 1410 dum
1057 1376 1108 1410 non
1127 1367 1302 1425 extorqueant
1319 1362 1403 1424 impu·

304 1436 417 1500 Reipnb.
433 1439 556 1488 Romam
579 1433 662 1486 forma
684 1444 712 1487 et
727 1437 837 1486 materis
874 1435 983 1486 denter!
1000 1437 1087 1486 Situm.

303 1511 402 1572 periit:
425 1511 471 1561 rix
493 1525 586 1560 nomen
603 1512 688 1561 adhuc
705 1517 836 1575 superest.
906 1511 1002 1560 Amicos
1012 1509 1135 1572 invenisti]
1152 1510 1342 1574 Epaminondas
1351 1525 1404 1560 nun

306 1584 383 1634 Idem.
875 1587 945 1650 prius
958 1587 1101 1637 discessite
1116 1586 1174 1637 foro
1184 1585 1310 1650 quotidie,
1325 1600 1404 1649 quarn
1417 1629 1420 1635 .

337 1659 411 1708 Inone
428 1658 523 1720 nomeu]
547 1658 682 1708 Hannibal
705 1661 776 1722 apud
797 1661 838 1710 Si·
875 1676 969 1711 novum
993 1663 1103 1726 aliquem
1126 1661 1236 1712 amicum
1252 1659 1284 1710 ad
1302 1664 1404 1711 veteres

305 1734 367 1784 lium
380 1735 423 1784 lib.
434 1748 478 1784 ιιι.
496 1736 552 1784 ‘Et
563 1750 627 1798 psce
639 1741 667 1783 et
679 1735 747 1784 bello
759 1749 837 1785 cunc»
876 1737 1027 1800 adjecisset.
1057 1736 1151 1787 AEllan.
1174 1736 1219 1786 lib.
1240 1738 1280 1784 14.
1302 1734 1404 1783 Varias.

305 1813 341 1861 tis
352 1819 405 1860 stat
420 1812 547 1861 terminus
566 1813 625 1874 aeri,
635 1813 840 1877 Extremumque
878 1811 950 1862 Hist.
960 1828 1016 1876 cap.
1027 1815 1051 1863 8.
1085 1813 1119 1861 Et
1129 1810 1280 1862 Alexander
1296 1811 1404 1860 interro·

306 1885 375 1936 diem
394 1886 492 1948 primus
510 1887 586 1938 tulit:
603 1887 642 1935 ire
661 1901 709 1951 per
721 1901 768 1936 ora
785 1888 839 1937 No·
876 1895 954 1951 *gutur
973 1904 989 1939 a
1005 1887 1114 1952 quodam
1128 1889 1154 1936 in
1173 1902 1222 1952 quo
1240 1888 1298 1936 luco
1317 1893 1406 1936 essent

307 1975 366 2012 rnen
378 1962 404 2010 in
416 1969 543 2010 aeteruum
562 1961 653 2022 paucis
672 1961 746 2010 mens
763 1963 841 2024 ignea
878 1961 1286 2027 thesauriipsius‚demonstrarit
1297 1961 1404 2010 amicost

306 2035 840 2097 oonar‚QuosPateraetnereisCaelestum
879 2040 938 2090 vide
957 2041 1068 2091 Chreian
1089 2055 1113 2090 ι.·
1128 2042 1353 2104 Progymnasmnt.
1363 2040 1407 2088 Li·

307 2106 422 2160 destinat
434 2111 505 2160 oris.'
522 2111 600 2160 Idem.
878 2115 950 2164 bnnii
961 2117 1097 2179 Sophistae.
1115 2116 1206 2166 Monil.
1218 2116 1262 2165 lib.
1274 2119 1298 2164 4.
1309 2114 1407 2164 ‘lecir-

345 2187 474 2249 Vocobolu]
491 2187 612 2237 Nomina.
629 2187 685 2238 Cic.
696 2192 738 2238 1o.
754 2188 840 2252 Epist.
878 2189 1407 2241 cunihilexsemetNaturacreavitPec·

309 2261 401 2312 Pontii.
411 2261 534 2312 ‘Crede
527 2262 657 2324 agitur,ms
651 2262 778 2325 '‚Plonce
789 2277 841 2312 om·
879 2272 936 2315 tore
946 2265 1075 2316 Amicitiae
1087 2267 1178 2330 majus,
1194 2281 1243 2316 nec
1262 2265 1344 2314 rarius
1360 2278 1406 2313 ιιιι-

308 2352 355 2386 nes
384 2351 449 2400 qnos
472 2336 556 2386 adhuc
584 2337 680 2400 gradus
706 2338 842 2402 diguitatis
880 2355 965 2406 quam.
967 2341 1067 2392 ’.Idem

308 2419 486 2476 consequutus
507 2413 541 2460 sis
560 2411 602 2476 (ea
623 2423 710 2463 sutem
732 2414 842 2478 adeptus
914 2417 1049 2467 anflss
1080 2418 1149 2472 Quod
1159 2413 1331 2478 molimira]
1348 2413 1408 2463 Hoc

309 2485 496 2548 amplissimos)
514 2501 557 2536 eoa
577 2488 701 2536 honorum
717 2489 843 2538 vocabula
881 2495 991 2545 carmen
1005 2495 1163 2556 potissimum
1180 2491 1318 2540 illustrabit
1335 2490 1407 2551 Apu·

308 2562 456 2625 habituros,
488 2576 537 2610 non
565 2562 733 2625 diguitatia'
725 2564 844 2629 iusignia,
880 2569 945 2616 lesus
956 2569 989 2617 de
1001 2567 1109 2627 Mundo,
1122 2566 1206 2614 nbtde
1217 2567 1408 2614 Elementorum

310 2637 398 2687 uisite
411 2651 470 2687 cnm
483 2638 604 2686 libertate
617 2640 707 2700 populi
724 2639 843 2700 Romani,
879 2643 1018 2692 concordia
1043 2642 1155 2691 disserit.
1186 2641 1255 2690 Item
1277 2640 1408 2692 Aruobius

309 2719 408 2762 etcum
420 2720 525 2761 senatus
542 2714 699 2763 anctoritate
716 2714 843 2776 conjunx·
879 2718 905 2765 in
917 2717 1027 2780 princip.
1044 2717 1089 2765 lib.
1110 2730 1130 2765 1.
1148 2715 1280 2764 Adversus
1300 2716 1407 2766 Gentes.

311 2786 384 2836 eris.'
417 2787 522 2836 Solinus
541 2802 598 2852 cap.
615 2794 656 2839 41.
676 2790 710 2838 dc
727 2791 842 2854 appella·
879 2792 954 2842 loeo.

312 2864 426 2913 tionibus
445 2865 540 2920 montis
559 2866 639 2913 Tauri
665 2879 764 2929 agens:
783 2866 843 2916 ‘Ad
913 2868 1130 2917 Concorderours'ut
1148 2865 1221 2928 nicer]
1239 2865 1408 2915 Manil.libro

312 2939 369 2988 haec
382 2939 508 2989 vocabula
523 2941 606 2988 multa
615 2941 696 2991 habet
706 2941 776 2994 alia!
808 2941 843 2990 Α·
879 2946 904 2991 1.
927 2943 1043 2992 ‘Omnia
1053 2943 1177 2994 concordi
1193 2947 1278 2992 tractu
1291 2942 1408 2990 veniunt-

313 3015 415 3078 puleius
436 3016 504 3064 libro
523 3030 556 3065 ιι.
573 3017 684 3066 Metam.
706 3017 786 3079 ‘Hic
803 3023 843 3066 ut·
880 3034 930 3084 qne
951 3020 1097 3086 ceduntque
1118 3022 1176 3072 Qun
1193 3019 1272 3068 semel
1291 3017 1410 3067 incubuit

313 3098 375 3155 pote
395 3093 468 3140 vivus
486 3091 600 3156 quidem,
618 3093 664 3141 sed
685 3099 785 3141 tantum
805 3105 845 3140 so·
879 3097 980 3159 celum,
993 3110 1144 3160 versumque
1155 3093 1282 3157 resurgit?
1301 3095 1376 3142 Idem.

312 3181 377 3229 pore
395 3174 521 3227 mortuus,
540 3167 609 3230 quod
628 3167 720 3216 eodem
742 3181 844 3217 mecum
915 3173 984 3228 Quod
1008 3173 1142 3234 pngssoutio
1166 3168 1266 3231 semies]
1301 3168 1409 3219 Quintil.

313 3241 441 3290 vocabulo
463 3248 638 3304 nuncupetur,
655 3242 689 3291 ad
707 3257 782 3292 suum
799 3257 844 3292 nn·
881 3246 1079 3294 Declamat.d.‘
1089 3243 1284 3295 Dissentieutia'
1296 3243 1411 3306 appellet

313 3318 623 3380 meuignarusexurgit.'
656 3317 844 3369 Arnobinslib.
880 3317 1058 3380 ‘primordie’
1101 3317 1235 3368 Claudien.
1262 3318 1294 3364 de
1322 3319 1411 3382 Raptn

316 3407 356 3442 ιιι.
371 3395 454 3444 ‘Cum
466 3393 619 3443 vocabulum
636 3393 734 3455 templo
750 3392 844 3444 daret!
881 3392 1005 3455 Proserp.
1022 3392 1068 3442 lib.
1086 3397 1110 3440 1.
1127 3407 1165 3441 rs.
1183 3397 1225 3442 tn.
1258 3391 1358 3440 ‘Poene
1371 3404 1411 3440 re·

220 3477 223 3482 '
315 3469 777 3519 Cassiod-x.Ver.12.‘Minorum
797 3467 845 3518 flu·
880 3468 985 3518 luctatis
995 3468 1089 3518 iterum
1107 3467 1250 3532 pugnantia
1268 3466 1345 3515 rebus
1358 3466 1411 3516 Ru·

312 3544 411 3606 miuum
430 3545 844 3607 vocabulamnjoramnisabaor·
882 3544 983 3609 pissent
1005 3545 1135 3594 elementa
1154 3543 1250 3592 fidem!
1282 3541 1410 3592 Prudent.

314 3617 380 3664 bet.'
396 3617 476 3666 Silius
493 3619 520 3665 in
537 3620 651 3682 princip.
672 3621 716 3670 lib.
735 3626 759 3670 ⁵.
775 3621 844 3684 ‘Ly-
881 3621 926 3670 lib.
945 3634 975 3670 ιι.
993 3621 1092 3670 Contra
1102 3620 1247 3683 Synrmech.
1279 3617 1411 3668 ‘Servant

313 3692 372 3740 dius
393 3693 454 3742 hnic
476 3696 580 3756 genitor
597 3697 680 3744 Tmoli
700 3697 793 3758 decus,
811 3712 845 3746 ae·
883 3697 1011 3744 elementa
1032 3710 1106 3744 suum
1127 3696 1270 3760 pugnantia
1291 3691 1412 3744 cursum!

313 3781 396 3833 qnore
415 3769 492 3832 longe
512 3769 651 3818 Maeonium
673 3771 825 3834 quondem'
819 3767 846 3820 sn
883 3771 1031 3822 cassiodor.
1041 3771 1088 3822 lib.
1099 3787 1132 3822 ιι.
1141 3773 1205 3822 Ver.
1217 3777 1258 3822 39.
1290 3769 1410 3819 ‘Merito

314 3845 404 3894 Iuntina
415 3845 559 3893 advexerat
570 3858 627 3893 oras
637 3845 787 3919 'l'yrrhenus
800 3860 846 3907 pu·
883 3846 974 3896 dicunt
993 3846 1142 3912 Philosophi
1157 3849 1283 3897 elementa
1295 3843 1344 3892 sibi
1355 3857 1411 3892 tnu-

315 3921 384 3981 beru,
407 3921 568 3984 dederetque
596 3920 722 3969 vocabula
750 3920 847 3972 terris?
884 3922 936 3972 turs
947 3924 1167 3986 complexionibus
1184 3921 1286 3984 illigari,
1297 3925 1325 3968 et
1336 3933 1411 3970 mira

315 3995 477 4046 Prudentius
512 3994 658 4058 Peristeph.
692 3995 790 4058 Hymn.
826 4011 846 4046 1
883 3997 930 4047 bili
946 3998 1066 4062 conjungi
1082 3998 1261 4058 foederatione,
1272 4010 1329 4060 qun
1340 3995 1410 4044 inter

314 4071 436 4136 ‘Scripta
458 4077 519 4120 sunt
536 4073 602 4122 caelo
620 4071 728 4120 duorum
749 4076 846 4135 marty·
884 4087 912 4123 se
934 4075 1066 4138 ¹contraria
1087 4072 1264 4133 intelliguntur
1283 4071 1411 4120 varietate

316 4160 373 4195 rum
394 4147 636 4208 vocabula‚Aureis
652 4161 710 4211 quae
729 4147 846 4198 Christus
884 4149 1019 4213 pugnare?
1061 4147 1182 4196 Martian.
1212 4146 1319 4209 Capella
1342 4145 1410 4196 libro

316 4221 370 4270 illic
381 4223 516 4272 annotavit
527 4221 641 4272 litteris.’
657 4223 733 4271 ideas.
884 4223 967 4288 primu
980 4224 1061 4287 Nupt.
1070 4221 1196 4285 Philolog.
1207 4223 1240 4274 de
1253 4222 1410 4286 Hymenaeo:
