3184 4959
324 398 390 463 634
547 432 550 439 ·
676 411 783 462 nors
806 412 1006 464 vrnroaun
1031 412 1094 481 rs*

325 562 351 604 et
363 555 443 605 tacito
453 555 518 605 ciam
531 554 601 604 venit
614 553 658 604 ilia
675 555 760 619 pede!
789 556 851 606 Hoc
887 556 990 609 lelactis
1006 559 1054 607 Est
1069 556 1212 618 insignibus
1229 554 1348 621 insignis,
1363 570 1421 605 sce·

323 631 457 682 commode
468 629 567 680 referes
579 631 707 679 aureolam
726 630 850 694 Epichar·
886 633 999 696 leuisque
1017 633 1096 693 luela,
1115 633 1221 692 Cancer,
1242 639 1268 679 et
1284 632 1422 680 ,horribilis

323 707 358 755 mi
369 707 522 757 sententiam
540 720 597 771 quae
616 715 657 756 est
676 706 745 769 apud
756 707 850 757 AElian.
886 707 920 756 de
942 723 1006 757 saxo
1025 709 1116 771 jactus
1139 707 1269 766 deorsum,
1289 707 1420 767 Verbera,

324 783 368 832 lib.
378 796 409 831 ιι.
426 784 488 832 Var.
500 783 589 831 ltistor.
601 796 657 845 cap.
668 786 709 833 tl.
730 784 801 832 Idem.
886 783 1031 846 carnifices,
1047 783 1137 845 robur,
1148 782 1203 846 pix,
1215 782 1320 844 lamina,
1332 781 1422 831 tedae!

357 858 422 914 Quos
440 872 541 921 serpen,
559 860 603 921 leo,
622 858 675 921 isc]
692 860 760 921 Lege
773 858 850 909 sodes
886 858 961 908 idern.

319 933 374 995 illa,
393 949 451 997 quae
468 948 499 982 ex
513 935 641 985 Juvenale
660 935 850 998 annotabimus,
920 938 971 985 Gar
981 938 1031 985 ltere
1041 950 1108 984 oneo
1123 935 1175 984 uice
1192 932 1323 996 mater]
1340 933 1418 981 Taci-

323 1016 350 1058 et
361 1009 477 1059 adhibita
490 1010 584 1072 judicii
599 1010 696 1059 trutina
707 1011 851 1074 perpende,
887 1019 929 1062 tus
945 1013 990 1061 lib.
1003 1027 1042 1061 ιιι.
1059 1011 1153 1061 Annal.
1170 1010 1252 1059 ‘Mihi
1269 1008 1295 1057 in
1315 1010 1420 1057 incerto

324 1100 398 1149 quant
411 1086 542 1149 ingeniose
553 1093 642 1135 noster
653 1086 759 1136 Boetius
772 1087 851 1136 verbu
881 1090 1008 1154 judicium
1020 1095 1070 1150 est,
1080 1087 1169 1137 latone
1180 1101 1223 1135 res
1233 1086 1380 1134 mortalium
1390 1090 1420 1133 et

320 1160 443 1223 plusculis
453 1160 569 1209 versibus
579 1162 678 1211 inserta
689 1162 715 1210 in
725 1176 802 1211 riuum
815 1164 850 1211 al·
887 1166 1045 1215 necessitate
1058 1164 1220 1223 immutabili,
1239 1176 1272 1209 an
1283 1160 1350 1210 lorte
1362 1162 1420 1209 vol-

323 1242 459 1299 terumque
477 1236 625 1299 redegerit:
642 1237 710 1287 ‘Sed
724 1238 779 1301 jam
797 1253 851 1287 ser·
887 1250 996 1291 rantur:
1015 1242 1112 1305 qnippe
1130 1238 1334 1303 sapientissimos
1345 1243 1418 1285 vete-

322 1320 429 1375 pentum
439 1311 521 1375 maJ'or
529 1312 681 1361 concordia:
694 1314 777 1376 parcit
785 1314 850 1376 Cog-
887 1333 952 1379 rum,
969 1318 1065 1381 quique
1077 1322 1175 1365 sectam
1192 1328 1279 1363 eornm
1295 1314 1419 1361 aemulan·

323 1389 390 1437 natis
413 1388 520 1438 maculis
540 1390 630 1437 similis
652 1388 725 1438 fera:
748 1390 850 1454 quando
887 1401 938 1454 tnr,
953 1393 1068 1441 diversus
1080 1391 1212 1455 reperies:
1231 1405 1261 1439 ac
1278 1390 1367 1438 multis
1379 1390 1417 1438 in·

321 1464 390 1513 leoni
406 1465 510 1513 Fortior
524 1466 620 1528 cripuit
632 1465 710 1514 vitam
722 1466 782 1515 leo?
798 1481 849 1529 quo
885 1470 960 1518 sitam
983 1468 1139 1531 opinionem,
1159 1480 1209 1514 non
1232 1465 1304 1514 initia
1326 1467 1421 1529 nostri,

321 1554 426 1588 nemore
444 1554 553 1603 unquam
575 1541 711 1603 Expiravit
722 1556 786 1605 aper
797 1556 849 1590 ma·
885 1560 937 1594 non
947 1543 1034 1604 finem,
1047 1558 1095 1591 non
1108 1542 1219 1605 denique
1230 1540 1346 1589 homiues
1356 1541 1417 1589 Diis

317 1615 384 1678 juris
404 1614 526 1664 dentibus
555 1617 633 1677 apri?
660 1616 753 1666 ludica
774 1616 848 1678 tigris
885 1634 962 1669 curae.
995 1618 1060 1667 Ideo
1071 1617 1225 1667 creberrima
1239 1623 1266 1663 et
1284 1616 1372 1665 tristia
1391 1617 1418 1665 in

323 1690 547 1753 agiteabidacnnr
565 1692 661 1755 tigride
679 1706 769 1755 pacem
786 1692 849 1740 Per·
884 1696 973 1757 bonos,
1002 1696 1063 1743 laeta
1086 1694 1154 1757 upari
1181 1692 1327 1741 deteriores
1348 1706 1417 1742 csse.

322 1774 426 1828 petuam
437 1782 443 1814 ι
460 1768 536 1816 saevis
553 1767 621 1817 inter
636 1782 664 1815 se
675 1767 796 1816 convenit
806 1783 848 1816 ιιι-
886 1769 984 1817 Contra
994 1769 1046 1830 alii,
1063 1767 1145 1816 latum
1156 1766 1260 1831 quidem
1271 1782 1418 1829 congruere

320 1845 363 1892 sis.
382 1842 432 1891 Ast
440 1843 535 1892 bomini
543 1843 639 1893 ferrum
649 1845 745 1893 lethale
754 1845 849 1895 incude
885 1845 961 1893 rebus
978 1851 1081 1908 putant,
1095 1844 1141 1892 sed
1153 1857 1201 1891 nun
1213 1858 1228 1891 e
1241 1843 1312 1905 vagis
1322 1843 1418 1904 stellis,

321 1916 431 1966 nefanda
442 1919 602 1968 Produxisse
617 1934 707 1981 parum
726 1929 776 1981 est,
790 1935 849 1969 cunr
885 1935 975 1969 rerum
987 1921 1055 1983 apud
1069 1919 1206 1983 principia,
1214 1927 1242 1968 et
1251 1934 1332 1968 nexus
1342 1928 1417 1968 natu-

323 1999 407 2042 rastra
418 2000 446 2041 et
456 1995 556 2042 sarcula
569 2001 668 2043 tanturm
681 1994 790 2043 Adsueti
807 2010 849 2043 co·
885 1996 977 2044 rulium
988 2010 1149 2044 caussarum:
1167 2010 1198 2044 ac
1211 2002 1297 2043 tamen
1309 1996 1417 2044 electio·

322 2081 412 2130 quere,
422 2072 449 2115 et
459 2070 549 2117 marris
561 2084 591 2118 sc
603 2084 707 2118 vomere
718 2071 776 2119 lassi
796 2072 849 2119 Ne·
886 2086 944 2119 nem
967 2072 1027 2120 vitae
1050 2072 1124 2120 uobis
1145 2072 1314 2133 relinquente
1338 2086 1417 2134 quarn

320 2144 426 2192 scierint
443 2145 519 2207 primi
537 2146 634 2208 gladios
654 2147 793 2196 extendere
812 2146 849 2196 t'u·
886 2145 931 2194 ubi
941 2146 1051 2209 elegeris
1062 2155 1163 2194 certum
1178 2145 1365 2194 imminentium
1376 2161 1417 2195 or·

320 2218 380 2277 uri!
395 2220 470 2269 Idem.
886 2220 982 2282 dinem,
993 2221 1152 2285 nequemala
1161 2222 1202 2269 rel
1212 2221 1352 2283 bona,un
1363 2222 1417 2269 vul·

353 2297 430 2363 Aper]
447 2297 549 2348 Praeter
565 2300 672 2348 aliorum
690 2314 786 2349 morem
800 2300 850 2363 pri·
886 2311 933 2359 gns
947 2304 1041 2359 putet:
1059 2298 1152 2345 multos
1163 2297 1206 2360 qui
1218 2294 1361 2345 conflictari
1372 2297 1416 2345 ad-

321 2388 387 2422 mam
400 2376 425 2422 in
437 2376 483 2424 bac
495 2374 609 2425 dictione
626 2375 746 2438 producit
758 2377 849 2426 Senes.
885 2374 966 2421 versis
978 2373 1122 2434 videantur,
1142 2374 1251 2433 beatos;
1266 2386 1297 2420 ac
1317 2373 1416 2434 pleros·

320 2451 345 2497 in
365 2450 510 2514 Hippolyto
527 2466 562 2502 rs.
574 2456 631 2501 345.
647 2452 735 2501 ‘Tunc
747 2453 849 2502 vulnifi.
885 2462 945 2512 que,
958 2463 1102 2513 quamquam
1114 2462 1219 2511 maguus
1232 2461 1360 2510 peropes‚
1369 2450 1415 2496 mi-

321 2541 365 2576 oos
387 2527 458 2576 acuit
477 2528 567 2576 dentes
588 2526 668 2590 Aper,
687 2535 715 2577 et
734 2534 788 2577 toto
808 2536 849 2577 est
884 2525 1022 2574 serrirnos:
1049 2524 1070 2572 si
1092 2525 1129 2573 illi
1155 2538 1260 2586 gravem
1282 2522 1415 2573 fortunam

321 2617 441 2666 spumeus
453 2602 513 2652 ore?
531 2604 606 2651 Idem.
884 2607 1033 2648 constanter
1049 2601 1171 2662 tolerent,
1187 2600 1211 2647 lri
1231 2614 1356 2663 prospera
1375 2601 1414 2647 in-

358 2679 419 2725 Fera
437 2676 498 2724 lello
516 2677 619 2739 moueat]
636 2676 728 2727 Sencc.
746 2678 773 2726 in
785 2678 847 2729 Oct.
883 2678 1000 2725 consulte
1009 2680 1131 2726 utantur)
1147 2677 1293 2725 Videliam
1301 2677 1415 2725 Salvian.

322 2767 358 2801 rs.
370 2756 427 2802 795.
442 2752 530 2803 ‘Quid
542 2750 598 2801 fera
608 2751 703 2803 frustra
715 2753 783 2803 bella
793 2770 846 2805 mu·
884 2752 909 2800 in
922 2767 961 2815 pr.
974 2754 1018 2801 lib.
1031 2767 1050 2802 ι.
1063 2767 1096 2802 ιι.
1107 2759 1135 2802 et
1145 2765 1189 2802 ιιι.
1216 2753 1260 2801 De
1273 2753 1415 2814 Gablini,

321 2830 413 2879 vetisi’
430 2831 503 2880 Idem.
884 2828 916 2877 B.
935 2826 1073 2892 Angustia.
1092 2827 1137 2878 lib.
1156 2841 1188 2877 rr.
1221 2828 1260 2877 Dc
1280 2828 1330 2877 cir.
1349 2828 1415 2890 Dei,

352 2906 502 2970 Alternisque
520 2906 600 2956 uolunt
617 2907 696 2971 perire
714 2908 779 2971 telis]
802 2909 848 2958 Se·
884 2907 976 2966 θψοῧ·
995 2905 1070 2951 ldm-

320 2995 377 3030 nec.
397 2982 422 3030 in
441 2982 549 3046 Thyest.
568 2996 606 3031 vs.
625 2986 683 3031 888.
700 2982 783 3033 ‘Quis
803 2997 847 3031 ros
916 2979 1079 3041 Scelerataque
1087 2977 1202 3041 supplicio
1212 2978 1283 3026 bonos
1290 2980 1413 3041 prnnaut]

319 3057 436 3120 exagitat
447 3056 519 3106 furor
531 3057 647 3106 Alternis
665 3058 728 3107 dare
745 3058 846 3121 sangui·
882 3054 947 3118 Sup.
959 3056 1004 3105 lib.
1015 3070 1036 3104 1.
1048 3056 1113 3104 Met.
1124 3068 1150 3103 v.
1168 3054 1287 3103 ‘Premit
1297 3055 1413 3105 insontes

318 3146 377 3179 nem
397 3134 432 3181 Et
450 3138 582 3196 sceptrum
599 3134 697 3181 scelere
714 3135 818 3197 aggredi
827 3132 845 3181 i’
883 3130 980 3179 Debita
991 3130 1083 3178 sceleri
1094 3129 1170 3177 noxia
1180 3128 1275 3193 poena.'
1290 3130 1368 3180 Idem.

297 3205 395 3253 idem.
914 3203 1412 3265 Simisceriosmiafortaitiscoss'brrscre-
1468 3252 1474 3259 ,

351 3279 544 3342 Soenitioerntiu]
571 3280 679 3331 Quintil.
691 3282 810 3331 Decium.
821 3286 845 3333 7.
881 3280 970 3342 decem]
986 3280 1180 3331 Mantnersu.
1208 3282 1238 3331 Si
1247 3282 1340 3330 misceri
1351 3296 1373 3331 o.
1384 3282 1411 3341 f.

317 3358 463 3407 ‘Convenit
479 3357 593 3420 judices,
612 3356 679 3420 quod
699 3357 755 3419 ipse
773 3356 845 3407 dives
882 3358 1024 3407 ecidernn.
1057 3356 1202 3407 Cassiodor,
1221 3371 1274 3408 ιιι.
1289 3359 1350 3405 Var.
1368 3362 1412 3408 25.

317 3432 367 3482 hoc
385 3432 457 3491 fecit,
474 3439 502 3482 et
522 3433 589 3497 quod
609 3446 656 3493 ego
678 3432 748 3480 vidi:
767 3432 847 3481 Ratio
882 3433 973 3481 ‘Nibil
983 3434 1039 3481 sine
1050 3446 1141 3481 caussa
1152 3432 1261 3495 geritur,
1276 3447 1325 3482 nec
1335 3447 1410 3481 mun-

318 3509 423 3557 saevitiae
434 3516 484 3568 est,
499 3517 528 3557 ut
540 3508 632 3572 aliquis
642 3523 727 3557 coram
744 3522 784 3557 me
803 3524 845 3559 oc·
882 3506 930 3557 dus
940 3507 1054 3557 fortuitis
1064 3507 1168 3556 casibus
1182 3509 1346 3571 implicatur:
1364 3510 1411 3558 sed

318 3584 429 3643 cidatur,
459 3589 566 3645 propter
592 3597 667 3645 quem
695 3583 845 3633 occiditur?
882 3582 1004 3648 quioquid
1024 3584 1112 3631 uenire
1132 3582 1247 3631 videmus
1267 3583 1301 3631 ad
1323 3585 1412 3633 terrui-

318 3661 394 3709 ldem.
881 3658 1411 3721 num,divinumconstatessecunsilimu.‘

349 3733 768 3797 Pnnss5.Curcer,lcn,cetcraqac
781 3736 844 3796 lego·
881 3734 958 3783 Idem.
1366 3743 1368 3746 ·

316 3813 374 3861 lium
382 3815 499 3859 tormenta
510 3807 643 3871 penarum]
668 3809 750 3873 Atqui
760 3811 843 3861 duris·
912 3810 1040 3857 Mures.
1058 3808 1265 3873 Siquisdrctari]
1280 3810 1411 3862 Prudent.

316 3886 427 3937 consulti
448 3899 578 3935 carcerem
599 3898 649 3932 uon
665 3899 777 3947 poenam,
796 3884 843 3934 sed
881 3884 998 3934 Cadrem.
1009 3885 1105 3948 Hymn.
1117 3889 1156 3935 12.
1167 3884 1282 3933 ‘Arctoa
1292 3888 1410 3950 quamvis

317 3964 443 4013 duntaxat
468 3960 647 4011 ‘custodiam'
672 3976 729 4010 esse
750 3961 843 4011 contir-
880 3962 966 4011 sidera
985 3962 1017 4011 In
1034 3977 1064 4012 se
1083 3962 1409 4014 retortismotibusObire

316 4047 396 4088 mant.
431 4037 524 4087 Potest
536 4044 620 4085 autem
640 4038 736 4100 optime
754 4046 844 4087 noster
879 4039 972 4099 nolint,
988 4045 1103 4087 attamen
1119 4038 1274 4105 Plerumque
1286 4039 1334 4088 sub
1345 4040 1410 4089 nim·

262 4138 268 4151 ·
315 4114 517 4176 excusari,cun1
537 4112 625 4161 etalii
644 4127 843 4178 carcerempoe·
879 4113 920 4163 bis
930 4116 1024 4163 latent.
1059 4114 1118 4162 lluc
1132 4113 1203 4161 sidus
1215 4119 1341 4163 ueternum
1353 4130 1408 4165 ma-

316 4201 374 4235 num
386 4201 444 4236 esse
456 4188 602 4236 statuerint.
619 4189 725 4238 Lucret.
739 4189 784 4238 lib.
795 4203 842 4239 ιιι.
880 4200 936 4251 net,
953 4190 1019 4241 Haec
1036 4190 1111 4240 stella
1121 4203 1251 4253 nunqnam
1261 4189 1408 4254 mergitur?

313 4265 382 4314 ‘Sed
393 4271 475 4314 metus
486 4265 512 4314 iu
522 4267 577 4315 vita
588 4279 719 4328 poenarum
731 4281 778 4330 pru
790 4284 843 4317 ma·
881 4266 954 4316 lderrt.
