3184 4959
300 406 449 457 concurr
475 406 523 456 nn
546 406 700 457 corson.
726 406 943 457 rntcosorn.
968 407 1042 459 urs.
1066 407 1106 456 rr.
1192 390 1258 459 479

164 562 212 610 per
230 547 307 597 nrbes
324 548 435 598 Garrrrla
454 547 551 607 landet,
577 549 693 611 caeloque
742 550 977 614 eusisslmopatrioe
988 548 1259 615 lroatioeqaussneriti

165 634 251 683 parem
260 622 352 683 Tollat,
361 629 389 671 et
401 621 493 672 catria’
511 624 587 671 idem.
669 636 671 641 ·
731 624 738 651 ‘
750 638 806 673 enm
815 624 822 645 ’
831 626 915 675 sciens
927 629 1032 675 ‘veram
1043 640 1101 675 esse
1113 627 1258 688 victoriam,

196 698 233 745 Et
252 712 340 758 magno
362 698 439 746 titolis
454 696 551 758 fulgent
571 698 642 745 claris
652 699 693 744 do·
731 714 788 763 quse
799 700 930 750 salralide
942 708 971 750 et
986 702 1089 765 integra
1100 702 1200 764 pietate
1210 718 1256 766 ps·

163 772 227 834 sam]
249 774 328 821 Silius
352 773 398 822 lib.
420 777 444 822 l.
473 773 643 836 ‘Multusque
667 773 693 820 in
730 776 861 836 raretnr3'
885 779 1013 841 planeque
1041 791 1165 840 respuens
1192 779 1256 827 illud

162 848 276 909 imagine
295 848 371 895 claris
384 846 565 911 Proefulgebat
583 861 646 896 avus
661 846 693 895 ti·
730 850 839 901 Poc'taer
863 852 962 901 ‘Dolus
983 866 1016 900 an
1044 852 1126 901 virtus
1148 854 1204 916 quls
1229 854 1257 903 in

162 922 236 969 tulis'
252 922 378 971 Senecin
390 923 454 972 Oct.
465 937 502 971 vs.
513 926 570 971 6⁰2.
590 922 691 971 ‘sinm-
729 926 804 975 hoste
823 927 962 990 requirati'
978 926 1053 976 Istud
1074 940 1135 975 vero
1153 927 1256 976 verina:

160 997 241 1058 iecra,
250 997 339 1046 titulos
351 996 475 1046 destmit!
487 998 561 1045 Idem.
729 998 794 1048 Cum
806 1002 892 1050 vicina
902 1008 987 1050 eastra
1003 1002 1060 1062 ipse
1074 1007 1101 1049 et
1112 1000 1168 1048 Rex
1179 999 1256 1049 habe·

159 1096 163 1103 ·
194 1072 362 1134 Morrspsrsit
381 1073 455 1119 nuum
472 1072 586 1134 glorium]
607 1073 689 1121 Vetus
727 1081 794 1135 rent,
812 1076 928 1125 medicos
945 1076 1039 1139 Pyrrhi
1053 1081 1130 1125 nocte
1148 1074 1180 1124 ad
1198 1090 1257 1125 earn

160 1145 275 1209 qnidam,
286 1146 360 1195 nimis
377 1153 462 1195 tamen
484 1161 570 1197 rerum
584 1147 690 1196 verbum
727 1151 809 1212 venit,
819 1152 968 1213 promittens
977 1166 1005 1200 se
1017 1152 1144 1213 Pyrrhum
1156 1164 1256 1201 venem

161 1222 314 1282 est‚‘omne
333 1223 470 1271 humanum
491 1236 571 1284 genus
589 1222 689 1270 histrio·
728 1225 880 1285 occisurum,
896 1226 918 1275 si
937 1224 988 1274 sibi
1009 1226 1145 1290 quicquam
1158 1227 1256 1290 pollici·

160 1299 271 1347 miamin
292 1299 367 1348 terris
387 1297 480 1361 agere!
514 1298 688 1360 Posteaquam
728 1303 845 1359 teretur3
866 1299 999 1348 Fabricius
1026 1300 1141 1349 vinctum
1164 1301 1255 1351 reduci

161 1374 228 1423 enim
240 1386 373 1436 personam
385 1388 462 1437 quam
473 1373 544 1421 Deus
558 1372 630 1422 uobis
643 1370 689 1421 im·
722 1370 803 1433 jussit
819 1374 852 1422 ad
870 1374 1009 1436 dominum,
1027 1375 1178 1439 Pyrrhoque
1192 1377 1254 1438 dici,

160 1451 247 1513 posuit
258 1450 398 1509 exanimus,
417 1450 521 1513 vitaque
536 1448 631 1512 privati
649 1463 688 1497 ιιι·
727 1460 784 1509 quae
795 1454 886 1497 contra
896 1456 975 1511 caput
986 1449 1042 1511 ejus
1052 1450 1166 1499 medicus
1177 1465 1254 1514 spon·

160 1540 225 1585 mus,
240 1525 318 1574 mista
328 1524 439 1573 divitum
453 1530 482 1571 et
493 1536 636 1586 pauperum
648 1522 688 1571 fu·
726 1520 817 1571 disset.
834 1524 918 1574 Quam
928 1524 1165 1586 magnanimitatem
1172 1525 1254 1575 fideli·

159 1614 223 1650 nera
233 1600 384 1661 densantur,
392 1599 541 1661 nullumque
553 1604 633 1660 caput
642 1613 688 1647 sae·
726 1601 860 1660 tatemqne
870 1599 926 1646 Rex
938 1599 1088 1662 admiratus,
1097 1599 1191 1649 dixisse
1202 1600 1254 1651 fer·

160 1690 193 1724 va
210 1674 278 1739 fugit
295 1673 460 1737 Proserpina.
492 1673 590 1737 Sibylla
607 1672 688 1735 Scipi·
726 1676 785 1718 tur:
802 1671 871 1719 ‘Ille
889 1678 930 1719 est
947 1671 1092 1735 Fabricius,
1107 1674 1150 1739 qui
1161 1673 1253 1724 diffiei-

157 1753 202 1800 oui
212 1751 268 1801 fata
280 1752 410 1800 reclusum
421 1749 488 1812 apud
498 1749 589 1797 Silium
600 1748 687 1797 italic.
724 1748 776 1795 lius
800 1747 833 1795 ab
854 1748 999 1809 honestate,
1022 1764 1098 1812 quam
1117 1750 1155 1797 sol
1175 1766 1191 1798 a
1206 1764 1253 1800 suo

159 1827 204 1877 lib.
216 1840 280 1876 xru.
297 1826 367 1875 ‘Hic
379 1827 501 1875 tenebras
512 1825 614 1887 agitant
627 1824 688 1873 voli·
726 1836 804 1870 crrrsu
816 1823 898 1872 averti
909 1823 1016 1886 posset?
1040 1824 1111 1874 Quid
1120 1824 1189 1873 idem
1198 1824 1254 1875 dix·

160 1908 270 1967 tautque
288 1917 335 1965 per
347 1901 452 1950 umbras
463 1900 597 1948 innumeri
609 1912 687 1962 quon·
725 1898 777 1945 erit
788 1897 934 1962 feceritque
951 1900 981 1949 C.
999 1900 1141 1961 Fabricius,
1158 1915 1216 1949 cum
1227 1902 1253 1949 ei

155 1978 217 2026 darn
231 1977 330 2040 populi,
342 1977 432 2025 donrus
443 1975 558 2025 omnibus
575 1987 634 2023 una.
655 1974 687 2023 lu
724 1974 861 2035 Samnites,
877 1982 999 2038 tanquam
1022 1973 1157 2037 indigenti,
1173 1988 1252 2037 grave

158 2052 246 2102 medio
264 2058 364 2100 vastum
384 2052 436 2099 late
456 2064 483 2097 se
501 2049 585 2098 tendit
601 2048 686 2111 inane,
725 2063 814 2097 aurum
830 2049 968 2111 donarent,
987 2050 1065 2099 donet
1084 2049 1200 2113 Apolline
1222 2050 1252 2098 li·

152 2129 219 2177 Huc
237 2126 357 2192 quicquid
375 2124 593 2188 terra,quicquid
611 2121 687 2185 freta,
725 2123 772 2173 bro
781 2139 802 2173 1.
813 2140 872 2187 cap.
883 2129 924 2174 ld.
959 2126 1003 2174 De
1021 2126 1069 2175 lroc
1085 2128 1164 2175 etiam
1177 2126 1253 2177 Clau·

158 2213 186 2253 et
197 2207 286 2268 igneus
298 2204 377 2252 aether
390 2200 506 2250 Nutrivit
520 2199 603 2261 primo
613 2212 686 2245 mun·
725 2196 792 2247 dian.
812 2199 846 2264 de
862 2199 938 2247 Bello
950 2198 1055 2259 Getico,
1073 2214 1111 2247 vs.
1127 2204 1183 2249 tal.
1201 2201 1252 2249 ‘Et

159 2277 185 2328 di
196 2277 304 2342 genialis
324 2277 355 2326 ab
375 2290 441 2337 aero,
452 2275 525 2322 Mors
546 2273 686 2322 communis
724 2275 786 2322 nulli
799 2275 889 2337 pervia
908 2274 992 2336 culpas
1006 2274 1119 2323 Pectora
1130 2274 1250 2337 Fabricii,

159 2356 231 2417 agit:
257 2354 416 2403 descendunt
438 2358 541 2412 cuncta,
563 2349 685 2411 cepitque
724 2348 798 2397 donis
813 2348 1070 2398 invictavelarmis!
1103 2349 1171 2397 Vide
1184 2363 1249 2411 prar-

159 2432 271 2493 Campus
289 2430 358 2479 iners
376 2433 501 2491 quantum
520 2424 631 2485 interiit,
646 2436 685 2471 re·
724 2428 797 2471 terea
809 2424 912 2471 Florum
923 2423 989 2471 libro
1001 2437 1021 2473 ι.
1038 2437 1096 2485 cap.
1113 2426 1154 2471 18.
1170 2422 1250 2474 Sene·

159 2515 263 2573 statque
276 2505 495 2556 fnturum.'1dem.
725 2513 781 2547 carn
804 2499 914 2561 Epistol.
938 2502 993 2546 120.
1012 2498 1128 2546 Martini.
1147 2498 1195 2547 lib.
1216 2511 1249 2548 ιι.

191 2584 294 2633 Inuoluit
306 2582 391 2631 lramile
406 2580 540 2641 pariterue
554 2576 638 2624 cenam
648 2589 686 2622 co·
724 2575 801 2638 Epig.
813 2588 852 2623 vr.
870 2572 960 2623 Aurei.
972 2574 1040 2622 vict
1057 2574 1090 2623 dc
1108 2574 1169 2622 viris
1181 2574 1251 2624 illus·

158 2661 212 2723 put]
228 2660 356 2708 Pindarus
376 2657 453 2703 Nem.
473 2652 526 2701 Od.
546 2656 570 2699 7.
589 2649 686 2711 'Amata
717 2650 808 2698 tribus
827 2648 1009 2710 urbiaRomae,
1028 2650 1143 2697 [ructant.
1154 2648 1200 2696 lib.
1211 2662 1251 2697 ιι.

157 2753 185 2784 τε
195 2734 305 2798 πενιχρός
318 2752 346 2782 τε
357 2730 454 2781 θανᾶτου
465 2728 530 2791 llnpd
543 2729 608 2787 σᾶμα
626 2726 687 2775 νέον-
724 2726 810 2774 Divin.
820 2725 971 2787 1ιιιιίι.οιρ.
981 2730 1003 2773 6.
1016 2725 1043 2773 in
1050 2723 1094 2773 fin.
1106 2725 1138 2773 B.
1150 2722 1249 2787 Augus-

159 2828 204 2859 ται.
222 2810 359 2859 Lucretius
376 2807 421 2857 lib.
441 2818 484 2854 ιιι.
499 2804 532 2851 de
549 2801 684 2864 Scipione:
725 2801 770 2850 tin.
787 2802 830 2849 De
850 2801 929 2851 Cirit.
947 2800 1000 2848 Dei
1018 2800 1063 2849 lib.
1081 2814 1109 2848 v.
1128 2813 1186 2862 cap.
1210 2805 1250 2851 18.

158 2877 686 2945 ‘Ossadeditterraeproindeacfumulin·
724 2878 835 2925 salvian.
847 2877 892 2925 lib.
902 2889 920 2924 1.
931 2877 972 2924 De
989 2875 1057 2923 an.
1078 2875 1139 2932 Dei,
1158 2875 1250 2923 Manil.

141 2960 232 3009 .fimus
250 2960 333 3009 esset!
351 2959 444 3005 Horat.
456 2956 541 3004 Carm.
561 2968 581 3001 ι.
597 2952 649 3002 od.
659 2957 684 3002 4.
723 2952 789 3001 libro
815 2966 834 3000 ι.
873 2950 979 3000 Astron.
1006 2950 1151 3012 multosque
1178 2948 1250 2996 alios.

158 3028 685 3095 ‘Pallidanrorsarquopulsatpedepaupc·
718 3030 797 3078 ¹Idem.
876 3062 881 3069 ·

158 3126 213 3160 rum
233 3109 356 3158 tabernas
365 3110 514 3168 Regumque
526 3103 683 3153 turres’la.
717 3128 730 3135 ··
755 3101 860 3163 Brattia]
878 3102 970 3150 Sencc.
995 3101 1020 3148 in
1047 3097 1108 3149 Oct.
1133 3112 1171 3148 ιι.
1191 3102 1249 3148 489.

188 3190 323 3250 AEqaotqus
334 3179 532 3245 sommisinfinm]
550 3178 684 3230 Claudiam.
723 3180 799 3228 istius
814 3178 890 3226 Bruti
908 3175 1033 3238 meminit,
1053 3174 1097 3239 qui
1115 3188 1173 3223 cum
1193 3173 1250 3222 aliis

157 3264 191 3312 de
202 3264 292 3325 Rapta
304 3257 467 3320 Proserpinae
478 3257 521 3306 lib.
532 3270 562 3305 ιι.
574 3270 611 3304 vs.
628 3260 684 3304 ³0⁰.
723 3253 855 3303 interfecit
875 3254 1019 3301 Caesarem:
1036 3249 1151 3299 ‘Brutus
1163 3249 1190 3299 in
1199 3264 1251 3299 cte·

158 3339 228 3389 ‘Sub
247 3345 293 3386 tua
311 3335 433 3399 purpurei
453 3332 558 3382 venient
578 3329 685 3393 vestigia
718 3331 782 3379 dem
794 3330 866 3379 ducis
878 3330 900 3377 A
914 3342 964 3391 qno
977 3327 1085 3374 salutem
1105 3325 1200 3378 tulerat
1210 3338 1250 3372 ar·

159 3409 543 3477 Regea,Depositoluxuturba
554 3420 611 3455 cunr
624 3419 684 3466 pau·
717 3407 804 3455 ‘mavit
820 3403 928 3453 manual
960 3402 1047 3450 Facile
1064 3406 1150 3447 antem
1168 3405 1250 3447 statu·

152 3502 221 3553 ¹pere
248 3487 326 3535 misti.
367 3485 459 3533 Omnia
486 3484 558 3531 Mors
582 3480 686 3543 aeqirat!
723 3482 797 3543 erim,
818 3488 932 3529 nostrum
949 3476 1089 3527 Auctorem
1109 3488 1162 3522 non
1178 3474 1250 3537 loqui

152 3562 303 3613 ·Silins1tal.
319 3561 365 3609 lib.
377 3573 441 3607 ιιιιι.
459 3555 557 3606 ‘Croesi
570 3553 684 3602 moxad-
717 3558 756 3605 -de
778 3557 841 3613 isto,
860 3552 905 3602 sed
924 3550 1071 3612 intelligere
1090 3550 1120 3598 L.
1131 3549 1251 3612 Brutum,

159 3641 228 3687 volat
238 3636 330 3685 umbra
341 3634 420 3682 Dives
429 3631 497 3695 apud
506 3642 622 3692 superos,
639 3628 683 3691 aed
717 3630 767 3694 qui
792 3627 935 3691 Tarquiniis
961 3623 1074 3686 expulsis
1101 3623 1250 3673 libertatem

159 3725 228 3760 mors
240 3706 464 3773 aequarategenis.·’
480 3706 554 3754 Idem.
723 3705 844 3753 Romania
856 3701 975 3764 asseruit,
986 3701 1019 3749 de
1030 3714 1080 3765 quo
1091 3700 1249 3749 Claudianus

151 3800 155 3808 ’
191 3789 282 3839 Fidelis
303 3783 422 3845 Fabricii]
442 3783 540 3830 Merito
564 3776 683 3827 ‘fidelis’
722 3781 768 3829 lib.
785 3785 809 3829 2.
825 3777 979 3827 deLaudib.
995 3775 1126 3825 Stiliconis
1143 3780 1249 3825 ιι.320.

160 3862 356 3926 nuncupandus,
368 3860 411 3923 qui
429 3856 577 3905 muneribus
588 3854 684 3917 Pyrrhi
723 3856 860 3905 ‘Libertas
872 3852 960 3915 populi
978 3852 1060 3913 primo
1072 3858 1133 3897 tunc
1142 3848 1250 3897 consule

152 3939 238 4002 ‘Regis
264 3936 437 3998 Epirotarum,
462 3930 586 3992 plomba&
606 3930 683 3976 etiam
722 3920 1246 3990 BrutoRedditaperfasces,lrisfascibus

150 4020 254 4078 'quarta
266 4018 339 4075 parte
356 4008 439 4071 regni,
456 4020 471 4053 a
486 4005 610 4051 Romulea
620 4002 682 4050 civi·
707 3995 823 4069 'expulit
841 4004 905 4066 ipsis
922 3997 1079 4050 servitium!
1119 3997 1155 4043 Et
1174 4009 1249 4056 argu-

150 4095 214 4140 'tate
225 4102 276 4137 non
288 4084 404 4151 potuerit
421 4080 518 4139 divelli,
534 4077 579 4127 sed
597 4076 683 4139 potius
722 4080 819 4129 tissime
840 4079 989 4126 casanova:
1006 4072 1153 4120 ‘Natorum
1175 4070 1248 4118 cade

150 4167 193 4215 'ibi
211 4166 237 4213 in
257 4179 304 4213 arra
325 4165 477 4226 paupertate
498 4155 614 4218 privatus
630 4168 682 4201 ma·
721 4152 820 4204 orbasti
841 4157 869 4198 te
886 4146 988 4197 nomine
1007 4146 1098 4208 patris,
1121 4145 1248 4194 Cerneret

158 4255 221 4291 nere
233 4238 349 4291 voluerit.
382 4234 472 4285 Quid?
493 4230 536 4295 qui
550 4228 627 4280 etiarn
644 4228 681 4280 in·
721 4235 749 4277 ut
768 4240 856 4275 rerum
874 4231 900 4273 tc
921 4230 967 4271 tua
985 4220 1068 4271 Roma
1086 4227 1195 4283 patrem.
1212 4220 1248 4273 Fr
