3184 4959
644 391 798 441 nonnuli
822 390 870 439 Dii
893 388 1046 440 CONSOL.

511 535 640 621 Aspice
655 537 778 603 summi
791 536 940 603 eulmine
953 535 1042 603 coeli.

413 631 415 634 ’
458 685 470 710 -.
515 640 591 703 Illic
600 639 695 723 justo
708 638 834 705 foedere
848 658 955 703 rernm

513 739 670 806 Veterem
684 748 819 808 servent
830 741 940 807 sidera
952 746 1094 823 pacem-¹

514 844 550 909 N
552 865 596 911 on
611 845 672 910 Sol
685 846 785 911 rutilo
800 845 951 910 concitus
966 844 1044 925 igne

514 945 672 1011 Gelidum
686 948 835 1015 Phoebes
851 946 990 1031 impedit
1004 962 1121 1011 axem:

469 1049 471 1052 ’
514 1046 590 1112 Nec
605 1068 683 1132 qnae
699 1069 829 1115 snmmo
844 1049 967 1114 vertice
979 1045 1095 1112 mundi

515 1149 640 1216 Flectit
652 1152 791 1230 rapidos
805 1146 897 1208 Ursa
910 1149 1054 1216 meatus,

515 1251 699 1329 Nunquam
714 1243 859 1309 occiduo
874 1243 944 1307 loto
958 1240 1137 1324 profundo,

430 1407 432 1411 Α
515 1345 635 1410 Cetera
649 1364 787 1410 cernens
802 1343 911 1409 sidera
924 1342 1040 1423 mergi,

516 1446 621 1529 Cupit
635 1445 776 1511 Oceano
790 1445 917 1527 tingere
932 1442 1108 1509 flammas.⁵

518 1548 656 1630 Semper
668 1547 800 1610 vicibus
816 1546 974 1628 temporis
990 1544 1099 1626 eequis
1184 1546 1187 1551 ’

515 1646 649 1730 Vesper
662 1666 753 1711 serus
767 1646 898 1710 nuntiat
913 1646 1059 1722 umbras,

517 1747 730 1830 Reuehitque
743 1747 833 1812 diem
847 1746 982 1839 Intciier
996 1748 1131 1811 almum.

518 1850 576 1914 Sic
591 1853 738 1913 aeternos
752 1848 859 1915 reficit
874 1868 994 1913 cursus

519 1947 683 2014 Alternus
698 1968 809 2014 amor:
832 1952 882 2015 sic
897 1951 1064 2032 astrigeris

306 2172 364 2218 dere
374 2168 473 2219 sertim
481 2167 532 2217 eoeii
542 2165 654 2215 subtinrin
688 2165 739 2215 Hie
749 2171 817 2213 estre
827 2164 932 2213 retinent
948 2167 1095 2217 concordium
1105 2166 1227 2234 untiquem
1236 2182 1325 2230 rerum,
1339 2170 1404 2216 certo

300 2235 401 2293 sedere.
435 2232 569 2295 Sotruptue
581 2231 682 2295 flumme
693 2230 815 2292 splendide
833 2244 879 2277 non
895 2230 995 2291 impedit
1011 2246 1105 2282 currum
1117 2234 1239 2295 frigidum
1256 2234 1345 2281 Lunoe:
1364 2246 1405 2279 ne·

305 2300 351 2359 ‘que
365 2299 436 2359 Ureu,
446 2311 499 2359 que
509 2294 612 2345 uertitur
621 2294 685 2342 circu
694 2307 810 2342 summum
819 2294 899 2355 potunt
909 2294 1000 2354 mundi,
1011 2294 1066 2344 iicet
1076 2296 1130 2345 irinc
1141 2312 1257 2360 nunquam
1268 2295 1405 2354 ubiutnsne·

307 2362 342 2408 rit
351 2375 435 2410 oceano
447 2358 769 2417 scientiaomnium
781 2361 860 2405 cetere
871 2360 936 2405 nstra
947 2358 1019 2419 ablui,
1030 2362 1110 2409 studet
1121 2361 1215 2410 abluere
1225 2376 1277 2410 suos
1287 2362 1354 2422 ignes
1364 2360 1406 2407 boc

308 2427 387 2472 eodem
408 2424 478 2473 muri.
512 2424 609 2485 Semper
630 2424 724 2471 euersa
742 2422 783 2470 red
805 2420 875 2480 justu
893 2422 1034 2471 successione
1052 2426 1164 2487 temporis
1184 2427 1253 2474 steilo
1273 2423 1407 2487 vespertine

308 2487 399 2536 induet
409 2489 516 2536 tenebras
524 2493 658 2545 murrum,
673 2487 798 2547 eademqne
814 2485 882 2532 stelin
898 2488 1014 2533 nentutinu
1024 2488 1098 2545 refert
1110 2491 1183 2537 lucem
1188 2489 1329 2548 foecundum.
1365 2486 1407 2535 Sic

309 2566 374 2599 umor
384 2553 516 2613 recimero
532 2555 629 2613 repnrut
640 2555 717 2599 motus
724 2553 866 2612 perpetuos:
879 2550 914 2597 sic
928 2548 1013 2599 betium
1028 2551 1116 2601 discors
1127 2555 1225 2615 eiectum
1235 2556 1271 2602 eut
1280 2568 1293 2601 e
1302 2550 1405 2614 regioni·

765 2691 949 2712 mm

341 2781 355 2822 5
373 2776 490 2839 Uterque
509 2776 607 2825 Thoen.
627 2783 655 2824 et
675 2777 740 2837 Reg.
762 2776 869 2837 tinguere
879 2776 1052 2840 flunmen-d
1068 2775 1165 2825 Durare
1185 2774 1351 2852 queuntRVict.
1368 2788 1407 2823 se·

802 2904 909 2955 NOTAE

311 2998 427 3047 videmus
450 2999 581 3049 observari
603 3000 713 3062 primum
735 3001 840 3064 quidem
880 3009 1008 3063 movetur,
1018 3006 1047 3050 nt
1062 3002 1142 3050 Lnuae
1154 2998 1289 3048 circuitum
1301 3011 1351 3045 non
1363 2996 1408 3043 iru-

312 3075 339 3122 iu
362 3074 505 3135 sideribns3
522 3074 617 3125 deinde
639 3076 665 3125 in
688 3076 839 3137 elementis3
881 3080 978 3143 pedist.
1010 3078 1137 3127 Similiter
1156 3074 1255 3125 ‘Ursa'
1275 3074 1344 3135 polo,
1367 3072 1410 3120 eui

312 3156 405 3211 postes
421 3150 448 3196 in
466 3150 529 3212 ipsis
546 3152 606 3199 enni
626 3153 840 3215 tempestatibus3
881 3168 973 3202 nomen
986 3149 1411 3212 dedit,vicinnitsnroveturcircu

313 3224 424 3287 denique
434 3225 459 3272 in
467 3226 585 3274 omuibus
594 3228 744 3288 corporibus
754 3228 841 3273 viven-
883 3227 993 3276 eundem
1009 3227 1105 3289 polum,
1124 3234 1153 3275 nt
1173 3225 1352 3275 occidentibus
1370 3238 1411 3273 ce·

312 3300 399 3347 tibus:
425 3300 458 3347 de
480 3300 572 3363 quibus
593 3314 705 3349 seorsum
725 3301 841 3349 Phileto·
883 3303 945 3349 teris
974 3300 1102 3349 sideribus
1134 3314 1264 3362 nunquam
1298 3298 1414 3347 occidat.

315 3376 375 3438 pbin
386 3377 489 3426 dictura
497 3387 546 3427 est.
885 3376 943 3425 Nee
950 3390 1023 3425 secus
1035 3374 1155 3437 ‘Venus‚'
1167 3389 1224 3437 quse
1237 3374 1342 3423 alternis
1353 3387 1414 3421 noe·

345 3456 355 3479 ¹
372 3448 472 3495 Servant
488 3450 566 3495 sidere
582 3452 673 3514 pacem]
691 3467 711 3501 1.
728 3453 843 3501 Praedic-
885 3457 937 3500 tem
947 3451 1067 3513 diemque
1079 3450 1329 3512 praenuntiantibus
1339 3448 1415 3497 Luci·

316 3532 351 3571 tae
361 3521 540 3571 Providentiae
550 3522 620 3583 teges
639 3528 808 3570 observantur
818 3524 845 3570 in
885 3517 936 3581 fer,
957 3535 1014 3570 sero
1034 3525 1146 3587 Vesper,
1166 3523 1231 3572 nibil
1252 3522 1415 3573 obstantibus

316 3598 454 3655 sideribus,
477 3596 594 3645 nimirum
621 3597 647 3644 in
669 3597 739 3659 Sole,
763 3597 845 3658 Luna,
886 3598 1066 3645 ceterisustris
1081 3602 1287 3651 constantissime
1305 3614 1363 3650 suns
1378 3602 1414 3648 ei-

317 3675 395 3734 Ursu,
422 3670 543 3720 Lucifero
568 3679 596 3719 et
624 3672 719 3720 ceteris
755 3671 846 3720 stellis.
883 3672 1064 3721 -teruntvices
1096 3673 1186 3738 Usque
1198 3677 1263 3723 adeo
1275 3690 1364 3723 verum
1376 3682 1417 3724 est

319 3750 384 3797 Nam
397 3746 512 3810 quumvis
522 3747 567 3794 Sol
580 3747 617 3795 ita
628 3746 663 3794 sit
673 3760 767 3807 corpus
783 3745 847 3794 luci·
887 3747 973 3796 sidere
995 3748 1161 3811 praescriptas
1183 3748 1360 3799 Providentiae
1381 3752 1417 3799 le·

318 3824 389 3885 dum,
410 3830 438 3871 ut
459 3822 523 3883 iguis
550 3821 637 3870 baberi
661 3821 752 3883 possit,
770 3822 847 3883 juxte
889 3837 934 3885 ges
956 3820 1104 3871 observare.
1136 3823 1188 3872 Sed
1208 3822 1241 3871 de
1258 3823 1417 3873 ‘Lucifero'

318 3902 384 3949 iilud
396 3901 469 3950 Eccl.
480 3904 521 3948 43.
545 3900 553 3928 ‘
566 3900 609 3947 Soi
617 3913 727 3947 exurens
737 3904 847 3959 montes,
888 3897 975 3945 Metro
993 3902 1017 3946 5.
1037 3897 1080 3946 lib.
1091 3912 1110 3946 1.
1127 3898 1159 3946 de
1173 3898 1275 3946 ‘Uise’
1294 3899 1383 3949 Metro
1393 3906 1418 3949 5.

314 3977 406 4033 ,radios
416 3976 504 4038 igneos
521 3974 658 4023 exsufflans
667 3974 684 4032 ;'
702 3976 774 4021 Lnnu
787 3988 847 4021 uero
887 3973 906 4020 i.
916 3985 955 4020 tv.
965 3980 992 4021 et
1009 3973 1043 4021 de
1055 3973 1191 4034 sideribus,
1202 3988 1269 4038 quse,
1281 3990 1338 4024 cum
1350 3976 1419 4025 occi·

319 4052 355 4099 ita
366 4065 459 4113 corpus
476 4064 595 4112 opaeum,
606 4057 634 4097 ut
653 4048 701 4096 nisi
719 4049 802 4097 alieno
814 4050 849 4096 lu·
888 4048 963 4109 dunt,
976 4046 1059 4111 potitis
1076 4048 1196 4098 dicuntur
1215 4063 1311 4100 oceano
1328 4050 1420 4113 mergi,

313 4127 388 4183 ‚mine
409 4126 535 4185 relucent,
554 4124 649 4188 frigide
671 4124 848 4188 potiusquam
888 4123 982 4187 passim
994 4124 1153 4173 dictumest.

320 4199 404 4249 calida
421 4200 510 4248 haberi
529 4199 631 4262 debeat,
646 4199 689 4248 Sol
706 4203 792 4248 tamen
811 4200 848 4249 itu
