3184 4959
279 377 345 445 stt
628 387 738 439 noun
763 387 961 439 variorum
985 387 1025 437 ιιι

281 548 338 584 ιιιιιι
354 547 411 582 curn
434 534 500 582 alter
518 533 687 583 ornatissimas
704 531 807 582 feminas
843 537 962 596 tempore
974 534 1013 581 rel
1026 534 1083 580 Rex
1095 531 1135 580 rel
1147 531 1234 594 potius
1247 535 1367 594 tyrannus

279 609 408 659 Lucretiae
417 615 535 670 stuprum
546 609 682 670 intulisset,
691 616 807 657 matrona
844 607 943 656 Busiris
956 609 1008 656 suis
1018 608 1074 655 Diis
1087 621 1144 654 suos
1153 606 1270 667 hospites
1282 607 1369 654 immo·

280 682 392 732 dedecus
417 682 487 732 ferro
512 683 642 745 expiavit:
670 684 806 746 imperinm
843 683 923 743 lebat,
942 698 1019 746 quem
1037 682 1117 731 tilium
1135 681 1271 743 perbibent
1289 681 1370 730 fnisse

280 757 623 820 tumregibasabrogatnm!
638 759 805 822 Tarquinium
844 757 971 818 Neptuni,
984 772 1016 805 ex
1036 761 1117 804 matre
1135 755 1289 819 Libya-tilia
1300 756 1368 819 Epa·

279 840 366 882 autem
381 846 522 895 cognomen
541 834 654 882 moribus
673 834 806 894 meruisse,
843 832 904 894 phi!
929 833 999 882 Hinc
1018 839 1086 882 notae
1099 831 1225 880 Busiridis
1236 846 1287 880 arae
1299 833 1367 894 apud

279 908 356 957 ctiam
368 907 504 956 confirmat
513 907 665 971 Propertius
675 909 740 957 libro
753 916 804 956 ter·
842 907 947 956 Poe‘tas.

279 981 317 1030 tio
338 982 412 1045 Eleg.
435 987 476 1031 ld.
494 982 533 1031 bis
555 983 687 1032 versibus.
716 983 803 1034 ‘Quid
875 983 994 1045 Βιςυὶιιι]
1016 984 1090 1034 Idem
1106 984 1172 1032 libro
1192 986 1368 1044 tertio,e.18.

278 1069 347 1105 nune
362 1057 496 1120 Tarquinii
505 1056 602 1107 fractas
613 1058 689 1120 juvat
700 1073 756 1107 esse
766 1073 805 1108 se·
842 1058 933 1108 ‘Nihil
943 1073 1005 1108 sane
1021 1060 1188 1109 miserabilius
1205 1064 1289 1122 primo
1301 1060 1368 1110 bello

278 1145 362 1193 cares,
383 1132 493 1180 Nomine
509 1147 585 1196 quem
604 1134 680 1182 simili
697 1135 750 1183 rita
763 1149 803 1182 su·
842 1134 944 1184 Punico
964 1135 1067 1196 accidit,
1083 1151 1159 1199 quiam
1178 1136 1246 1198 qnod
1266 1137 1303 1185 ita
1316 1137 1369 1186 Ro·

278 1207 475 1269 perbanotati’
492 1209 568 1258 Idem.
842 1209 909 1257 mani
931 1211 992 1258 vieti
1014 1219 1082 1270 sunt,
1106 1218 1133 1259 ut
1153 1211 1231 1258 etiam
1254 1211 1369 1272 Regulus

312 1282 404 1338 Quibus
412 1283 453 1344 psi
459 1283 588 1344 maesfflere
596 1282 734 1345 oidemm'at]
745 1283 804 1332 Imi-
841 1283 884 1331 ille
905 1293 1053 1346 caperetur,
1072 1286 1144 1346 eujus
1160 1284 1187 1331 in
1201 1285 1283 1347 primo
1302 1293 1329 1334 et
1341 1287 1368 1334 in

278 1357 328 1407 tari
339 1358 423 1406 locum
434 1358 504 1406 illum
516 1357 619 1406 Arriani
632 1358 734 1406 videtur
745 1372 803 1420 esp.
842 1359 925 1407 altero
946 1359 1013 1407 libro
1032 1361 1186 1408 mentionem
1205 1358 1320 1422 fecimus,
1330 1362 1369 1409 vir

278 1436 320 1481 ts.
330 1431 374 1481 lib.
385 1446 405 1480 ι.
438 1429 728 1496 Ἀλλέἲέντίνιτοιώιῃ
738 1431 804 1495 χώρᾳ
842 1434 1367 1497 planemagnnsetrictorsnteadomitor-

277 1505 410 1566 sororium
427 1503 582 1570 drepexoiop‚
606 1505 670 1555 εὐθὺς
692 1505 805 1570 τύραννον
842 1524 892 1573 que
908 1511 1056 1571 Poenorum,
1067 1509 1111 1574 qoi
1126 1510 1203 1560 etiam
1220 1512 1304 1573 ipsum
1317 1513 1368 1574 pri·

277 1580 434 1640 ιιιτιιστήσεις
449 1579 561 1642 σεαυτόν;
577 1581 805 1649 olpepoioprirei,
842 1599 909 1634 mum
931 1587 1025 1634 bellum
1052 1587 1178 1637 Punicum
1204 1585 1370 1651 confecisset,

277 1658 496 1723 aolrimrdpxou3
507 1661 679 1723 irrevryerdr,
690 1661 726 1709 irs
736 1662 804 1711 ἀδελ·
841 1661 890 1708 nisi
910 1661 1035 1710 aviditate
1047 1661 1125 1710 nimia
1142 1661 1225 1710 laudis
1242 1669 1269 1710 et
1279 1663 1369 1725 glorie

278 1734 412 1797 φόιφύσει,
421 1735 458 1784 dri
464 1737 507 1784 τοῦ
513 1735 567 1788 Διὸς
574 1735 775 1798 &mirmi‘An
782 1737 805 1786 si
843 1735 957 1786 duriores
969 1737 1138 1797 conditiones,
1149 1751 1224 1799 qoam
1235 1735 1303 1786 ferre
1314 1751 1371 1801 pos·

278 1811 326 1865 tali
335 1812 456 1875 quopiam
473 1813 531 1861 loco
547 1828 575 1860 es
584 1815 749 1874 constitutus,
760 1813 804 1877 qui
842 1819 909 1870 sent,
922 1810 997 1860 fessis
1017 1811 1272 1874 Carthaginiensibus
1288 1813 1369 1874 irnpe-

278 1890 401 1949 excellat,
416 1889 503 1939 statim
512 1889 568 1951 ipse
583 1889 744 1952 tyrannidem
761 1902 804 1938 oe·v
842 1894 934 1936 resset.
967 1886 1041 1936 Illius
1057 1887 1105 1935 viri
1122 1895 1150 1935 et
1166 1887 1368 1949 captivitasino·

279 1965 403 2027 superbis?
426 1978 478 2012 nou
489 1964 667 2013 recordaberis
678 1964 722 2027 qni
732 1965 767 2012 sis
775 1971 803 2014 et
841 1961 1011 2024 pientissima,
1023 1970 1051 2011 et
1062 1962 1172 2010 servitus
1184 1960 1370 2024 indignissima,

278 2038 368 2102 quibus
396 2039 525 2100 imperes?
553 2053 638 2088 nonne
664 2040 803 2102 cognatis?
840 2043 867 2083 et
874 2037 970 2098 juratio
989 2036 1147 2097 fidelissima,
1163 2043 1190 2086 et
1201 2051 1267 2085 mors
1277 2037 1368 2088 crude·

276 2126 363 2164 nonne
383 2110 508 2161 fratribus
525 2113 667 2175 germanis?
691 2127 803 2162 uonnca
839 2111 936 2162 lissima
955 2111 976 2160 si
993 2113 1064 2160 Deos
1082 2113 1140 2160 illos
1157 2126 1208 2160 nou
1225 2113 1297 2174 cogit
1310 2127 1374 2172 ‹errr-¹

275 2187 342 2238 Jove
354 2187 719 2250 optimomaximooriundisi'
735 2188 804 2237 Pru·
840 2184 955 2247 bescere,
974 2200 1062 2234 verum
1084 2194 1124 2235 est
1142 2187 1210 2250 quod
1229 2187 1289 2236 aerei
1301 2194 1370 2248 sunt,

274 2263 378 2312 mutim
389 2264 686 2328 Peristepb.Hymu.x.
703 2265 802 2329 optima
840 2266 868 2310 et
887 2275 939 2309 nou
959 2260 1057 2310 babent
1075 2261 1244 2324 sanguinem!
1276 2263 1327 2312 Sed
1340 2269 1372 2320 ot¹

275 2337 345 2387 ‘Del
358 2339 471 2401 parentis
488 2353 545 2388 esse
562 2340 595 2388 ab
613 2355 657 2390 ore
669 2342 803 2404 coepimus,
841 2335 957 2399 Agellius
973 2337 991 2386 1.
1010 2351 1048 2387 vr.
1066 2341 1145 2389 Noct.
1168 2339 1280 2390 Atticas.
1300 2354 1323 2388 c.
1343 2343 1370 2390 4.

276 2413 327 2463 Cui
337 2414 446 2478 quisque
457 2415 547 2476 servit,
565 2416 609 2464 ille
626 2430 687 2465 vere
701 2423 743 2465 est
757 2431 802 2468 no·
839 2412 999 2462 Tuberonem
1019 2414 1044 2462 iu
1068 2415 1193 2464 Historiis
1219 2415 1252 2466 de
1275 2415 1369 2478 Reguli

276 2489 350 2538 bilis:
374 2490 448 2540 Patri
466 2491 571 2540 rebellis
584 2492 714 2540 invenitor
724 2492 803 2556 dege·
840 2490 966 2551 supplicio
989 2491 1024 2538 ita
1045 2491 1177 2552 scripsisse
1201 2492 1281 2540 dicit:
1315 2493 1367 2540 ‘ln

277 2565 342 2614 ner!
362 2565 450 2614 Vallia.
684 2608 691 2617 ,
797 2587 802 2594 ·
840 2569 909 2611 atras
922 2571 949 2612 et
961 2564 1173 2626 profundissimas
1181 2567 1301 2616 tenebras
1310 2582 1369 2619 eum

311 2642 365 2696 Quo
386 2656 440 2689 sero
464 2641 585 2702 orborum
601 2641 644 2700 jas
664 2641 757 2702 aliquod
775 2641 804 2690 in
823 2627 1013 2687 “claudebant
1038 2653 1068 2687 ac
1081 2639 1124 2688 diu
1140 2647 1199 2702 post
1209 2641 1251 2690 ubi
1264 2649 1320 2691 erat
1331 2645 1368 2691 vi·

276 2716 414 2776 quempian,
425 2715 472 2762 oiri
480 2716 587 2763 insolam
594 2714 687 2776 eorpus]
710 2715 804 2764 Senes.
840 2726 882 2763 sus
893 2713 930 2760 sol
941 2713 1146 2774 ardentissimus,
1157 2723 1264 2778 repente
1275 2717 1368 2768 educe·
1448 2773 1455 2779 ,

275 2789 322 2838 lib.
333 2801 376 2838 ιιι.
385 2789 418 2836 de
427 2789 542 2838 Benefic.
558 2792 566 2816 ‘
577 2791 653 2838 Errat
663 2790 684 2837 si
694 2789 802 2852 qnisexq
839 2785 919 2837 bant:
937 2793 964 2837 et
973 2787 1095 2838 adversus
1106 2791 1172 2840 ictus
1189 2790 1249 2840 solis
1263 2795 1367 2855 opposi-

275 2865 374 2914 lstimat
385 2867 537 2914 servitutem
547 2865 802 2915 intotambominem
840 2867 893 2912 tum
906 2861 1083 2925 continebant,
1093 2871 1170 2928 atque
1188 2865 1323 2914 intendere
1341 2867 1369 2916 in

277 2939 446 2990 descendere.
479 2942 545 2990 Pars
567 2941 659 2990 melior
679 2941 744 3004 ejus.
757 2955 802 2990 ex·
840 2939 930 2988 caelum
949 2939 1037 2987 oculos
1056 2939 1191 3002 cogebant.
1224 2941 1368 3004 Palpebras

275 3022 422 3079 cepisset·
443 3017 560 3081 Corpora
576 3017 687 3066 obnoxia
703 3022 803 3064 sirntet
840 3027 940 3077 quoque
964 3014 1021 3077 ejus
1042 3028 1076 3062 ue
1098 3014 1235 3077 connivere
1254 3025 1368 3080 possent,

275 3093 404 3154 asscripta
416 3094 532 3143 dominis.
564 3095 641 3143 Mens
649 3093 752 3158 quidem
763 3093 803 3145 sni
839 3103 938 3142 sursum
961 3103 991 3137 ac
1012 3087 1131 3138 deorsum
1148 3089 1265 3140 diductas
1285 3091 1368 3140 insue-

272 3168 348 3230 juris,
357 3183 416 3231 qnae
428 3169 492 3218 adeo
504 3171 584 3218 libera
597 3177 623 3218 et
635 3183 700 3230 vaga
711 3175 761 3229 est,
772 3175 803 3217 ut
839 3164 924 3214 bant.'
957 3163 1009 3212 Alii
1026 3172 1112 3214 autem
1125 3179 1215 3218 ,somno
1226 3166 1270 3215 diu
1281 3168 1368 3229 prohi-

236 3296 239 3301 ,
275 3256 310 3290 ne
321 3243 355 3290 ab
366 3243 414 3290 boe
425 3243 527 3307 quidem
539 3257 654 3304 earcere,
667 3242 710 3290 coi
720 3243 803 3290 incla-
839 3241 1062 3303 bitumatqueita
1077 3241 1130 3290 vita
1150 3243 1279 3305 privatum
1300 3243 1367 3294 refe·
1396 3255 1398 3258 ·

275 3331 303 3366 aa
320 3327 370 3379 est,
389 3319 473 3370 teneri
490 3325 578 3383 queat,
595 3331 644 3380 qno
661 3316 801 3374 minusim·
838 3322 907 3365 runt.
924 3315 1037 3366 Quorum
1046 3317 1182 3366 sententie
1191 3318 1293 3367 accedit
1301 3318 1365 3369 Aur,

273 3398 338 3453 peta
349 3407 395 3442 suo
406 3400 504 3456 utatur,
513 3401 541 3442 et
558 3391 676 3455 ingentia
693 3396 803 3454 agat,et
838 3392 940 3454 Victor,
960 3389 993 3440 de
1017 3391 1088 3440 Viris
1116 3391 1266 3456 illustribus,
1293 3393 1365 3446 hisco

274 3464 303 3512 in
314 3465 442 3516 infinitum
458 3466 801 3519 comescaelestibuseseat.
839 3468 940 3526 serbis:
965 3465 1104 3529 ‘Legatus
1127 3467 1160 3516 de
1188 3470 1366 3531 permutandis

276 3539 377 3601 Corpus
387 3541 473 3603 itaque
488 3548 539 3601 est,
555 3543 623 3605 quod
635 3541 738 3591 domino
749 3539 802 3590 for·
838 3543 948 3605 captivis
963 3543 1072 3592 Romam
1085 3544 1366 3609 missus,.datojureju·.

275 3619 340 3660 tuna
350 3613 476 3662 tradidit!
492 3615 567 3662 Idem.
795 3650 799 3661 .
839 3619 928 3678 raudo,
945 3625 973 3667 ut
984 3619 1006 3668 si
1018 3634 1068 3668 non
1082 3621 1258 3684 impetrasset,
1271 3623 1310 3671 ita
1320 3623 1366 3678 des

309 3687 375 3738 Nion
384 3689 508 3750 quicquum
524 3688 597 3736 libero
609 3689 734 3750 imperabis
749 3690 801 3738 aab
838 3707 906 3740 mum
918 3692 1032 3752 rediret3
1050 3694 1076 3741 in
1084 3695 1182 3747 Senatu
1191 3696 1365 3746 conditionem

273 3762 325 3825 mo]
341 3762 409 3811 Vide
419 3763 499 3824 Diog.
509 3761 595 3811 baert.
602 3762 647 3810 lib.
655 3774 688 3810 ιι.
703 3763 730 3812 in
742 3763 801 3818 Ari·¹
837 3767 973 3816 dissuasit:
1001 3767 1158 3834 rejectisque
1179 3785 1195 3818 a
1210 3783 1237 3818 se
1254 3770 1363 3836 conjuge

274 3838 376 3901 stippo:
405 3836 525 3886 Macrob.
536 3851 555 3886 ι.
565 3837 670 3886 Satura.
691 3852 749 3900 eap.
761 3841 800 3886 11.
837 3848 864 3889 et
885 3840 984 3903 liberis,
1009 3844 1190 3907 Carthaginem
1217 3856 1376 3905 regressum*

276 3913 351 3961 Iden.
836 3915 880 3964 ubi
891 3916 917 3964 in
929 3931 1014 3966 arcam
1030 3919 1141 3982 ligneam
1158 3917 1301 3979 conjectus,
1312 3918 1363 3966 ela·

274 4030 279 4040 ,
307 3987 368 4036 Com
390 3987 489 4036 liberam
509 3987 633 4051 quodum]
660 3988 801 4052 Zenonem,
837 3991 874 4039 vis
884 3993 1021 4042 introrsum
1040 3995 1105 4043 actis
1122 3992 1213 4054 vigiliis
1232 4007 1262 4042 ae
1274 3993 1362 4052 dolore

273 4061 368 4126 dequo
379 4065 411 4113 ad
422 4065 468 4116 lib.
479 4081 499 4115 ι.
512 4066 687 4117 dissernimus.
712 4067 799 4127 Vallia,
836 4066 940 4129 punitus
960 4067 1017 4118 est!
1061 4066 1127 4115 Haec
1147 4065 1246 4116 Victor.
1290 4068 1363 4117 Nota

316 4139 467 4202 Busiridem]
507 4141 539 4189 Β.
566 4141 726 4205 Augustinus
753 4143 799 4194 tib.
836 4141 981 4205 quoquede
993 4140 1161 4204 jurejurando
1178 4147 1207 4190 et
1222 4141 1294 4202 exitu
1309 4143 1363 4204 Reg

276 4223 360 4262 xrus.
377 4214 419 4262 De
429 4215 484 4265 Cir.
504 4216 566 4278 Dei,
581 4231 638 4280 cap.
657 4221 697 4267 lt.
729 4219 798 4269 ‘Illo
836 4218 889 4281 guli
900 4217 1041 4283 disputatio
1060 4224 1100 4269 est
1111 4207 1242 4268 Cic'erouis
1253 4218 1362 4270 inlibris
