3184 4959
351 425 504 476 ,nonrnm
530 427 580 473 nn
604 423 760 474 conans.
785 425 1008 476 rnrsosorn.
1033 427 1105 475 nra.
1128 427 1153 473 r.
1239 412 1306 477 too

203 578 370 630 eorumquae
398 579 478 629 penes
505 567 569 616 alios
588 572 657 619 sunt.
689 566 734 616 Sin
772 565 981 631 Ortbogrspbia:
1009 568 1166 632 (clypeum
1198 569 1303 620 anna:

202 643 521 704 minus,servirenecesse
541 643 609 693 erit.'
643 645 734 692 Seneo.
773 643 894 705 clupeum
914 652 1091 693 ornamentum
1113 643 1203 694 dices!
1235 647 1304 695 Vide

203 718 237 768 de
250 719 333 767 Beata
342 719 405 768 Vita
423 732 481 782 cap.
493 725 520 768 o.
547 721 555 748 ⁴
570 720 664 769 Potest
675 719 735 769 bea·
773 718 873 767 deeod.
884 720 1011 769 vocabulo
1022 720 1120 769 charis.
1129 721 1173 769 lib.
1182 736 1201 770 1.
1218 721 1303 772 instit.

203 801 245 841 tns
257 793 320 855 dici,
336 793 379 857 qni
391 808 440 844 uec
451 793 526 857 cupit
537 809 585 844 nec
597 795 683 856 timet,
692 795 735 844 be·
772 793 915 845 Grammat.
937 796 1061 847 Frontou.
1079 796 1113 845 de
1128 796 1185 845 diff.
1203 813 1304 854 vocum,

202 867 296 918 ueiicio
319 869 425 918 rationis
437 868 453 918 ι’
486 876 513 918 et
541 869 628 918 divine
650 871 735 932 Epist.
772 869 875 917 Veliam
901 871 1018 934 Longum
1045 871 1079 920 de
1101 871 1327 936 orthographia,-

201 956 287 994 ιω.
321 945 482 1008 ‘Nunquam
501 944 585 1007 major
606 947 661 995 est’
683 944 735 995 eni·
772 959 835 1010 quos
846 961 904 996 cum
914 949 1008 997 ceteris
1021 950 1122 999 Latinae
1137 951 1231 1012 lingum
1243 966 1304 1001 auc-

202 1024 370 1087 mns,‘quam
387 1023 431 1072 ubi
448 1023 532 1073 allieno
550 1023 691 1087 disposuit,
707 1031 734 1074 et
771 1022 870 1071 loribus
890 1025 1047 1086 pulcerrimo
1072 1027 1200 1076 volumine
1220 1027 1305 1078 edidit

200 1097 264 1150 iecit
275 1099 324 1148 sibi
336 1113 425 1162 pacem
436 1099 500 1148 nibil
517 1098 653 1160 timeud03
671 1100 735 1148 divi·
771 1097 868 1147 amicus
889 1107 978 1148 noster
996 1102 1058 1164 (non
1076 1103 1132 1150 aine
1154 1104 1304 1166 gravissimo

201 1174 333 1236 tias,uii1il
354 1173 583 1238 concupiscendo!
616 1173 734 1224 Philoso.
771 1174 883 1221 omnium
896 1174 1022 1224 bonorum
1033 1176 1106 1225 luctu
1118 1190 1202 1240 nuper
1212 1179 1238 1228 in
1248 1180 1304 1242 ipso

202 1248 271 1312 phire
288 1249 365 1297 linem
385 1263 444 1298 esse
464 1250 553 1299 volunt
571 1250 630 1298 Val.
650 1251 735 1300 Maxi·
773 1249 858 1297 etatis
875 1247 941 1299 dore
954 1251 1021 1299 vivis
1039 1253 1304 1316 exemptus)ll1er.tas

202 1341 257 1375 mos
267 1327 284 1375 Ι.
295 1340 340 1375 111.
352 1340 410 1389 cap.
420 1331 480 1374 teet
491 1326 639 1390 Simplicius
651 1342 734 1390 prooe·
772 1323 935 1374 Pomcurns.
971 1325 1110 1388 decipitur
1139 1336 1225 1378 antem
1255 1330 1304 1380 hoc

202 1402 253 1450 mio
265 1401 432 1451 inEucbirid.
445 1403 570 1465 Epicteti.
586 1403 636 1453 Sed
647 1403 733 1466 Plato,
771 1400 831 1449 loco
855 1401 1006 1465 ‘Clypens'
1028 1417 1075 1464 pro
1096 1410 1170 1454 recto
1194 1405 1304 1468 ratione,

203 1477 276 1540 cnjus
287 1477 441 1526 sententium
453 1476 504 1525 sibi
518 1483 675 1541 murparnut
686 1479 743 1542 tut,-
771 1479 986 1541 quemadmodum
1003 1481 1012 1510 ‘
1024 1481 1163 1546 Regimeu’
1173 1483 1243 1545 apud
1258 1485 1303 1534 Se-

202 1554 279 1615 longe
295 1552 404 1602 divinius
416 1553 441 1601 in
453 1553 565 1603 Philebo
579 1553 732 1616 jamdudum
772 1566 831 1604 nec.
854 1555 881 1604 in
901 1555 995 1620 Apum.
1021 1573 1058 1607 rs.
1080 1562 1137 1608 1³9.
1169 1559 1304 1609 ‘Proinde

203 1635 349 1688 censuerat,
361 1625 440 1686 Μηδὲν
453 1629 501 1676 δεῖν
513 1627 574 1689 pirre
590 1626 733 1691 pipmpisrs
772 1630 845 1679 omisi
858 1633 974 1695 regimen
986 1648 1000 1682 e
1011 1634 1127 1698 manibus
1139 1635 1216 1685 meis:
1234 1636 1304 1687 Quo·

203 1700 300 1764 σμικρὸν
307 1701 396 1766 χαίρειν
405 1705 439 1766 τῷ
447 1702 540 1751 τδντοῦ
550 1705 611 1752 νοεῖν
624 1703 664 1752 nol
675 1712 733 1767 φρο-
771 1717 874 1768 cunque
893 1722 935 1755 me
955 1709 1003 1769 ira,
1019 1724 1070 1773 quo
1088 1709 1170 1772 dolor,
1182 1725 1233 1774 quo
1243 1725 1304 1774 spes

202 1779 251 1827 νοῖν
260 1776 430 1839 βίονὲλομένφ.
447 1784 515 1828 nm.
532 1777 577 1827 Καὶ
586 1777 734 1839 mandros
770 1776 850 1842 teret,
862 1780 923 1830 Huc
934 1781 1108 1846 irepergam!
1124 1784 1199 1834 idern.

204 1852 295 1917 iibido.
319 1857 369 1904 ΞΩ.
394 1850 688 1918 otnsmoirostvinelnp
703 1873 734 1917 ’γε
803 1857 932 1907 ΡιοεΛ4.
946 1860 1010 1908 Esne
1018 1858 1304 1925 besidposssntellige,

204 1930 311 1994 ὑπάρχοι·
328 1930 367 1980 noi
376 1932 431 1981 ires
441 1930 507 1981 οὐδὲν
515 1932 601 1983 ἄτοπον
609 1933 630 1983 si
638 1932 734 1984 πάντων
770 1929 887 1994 &courir
896 1933 904 1960 ‘
913 1932 1035 1982 auditor?
1052 1935 1095 1983 ste
1104 1949 1192 1984 omnes
1201 1941 1304 1986 veteres

201 2009 249 2057 rain
264 2007 321 2064 βίον
337 2006 531 2059 ἐστὶθειότοτοοι
549 2009 642 2059 ‘Nihil
658 2025 734 2075 opor·
770 2007 899 2070 libri,non
909 2009 967 2072 epla
976 2009 1058 2073 tipus.
1082 2012 1304 2064 Utetomuesre·

203 2093 260 2135 tere
271 2101 376 2148 prorsus
387 2087 471 2134 nllare
482 2100 515 2135 ex
527 2095 602 2150 parte
619 2088 661 2136 vel
673 2101 734 2151 gau·
771 2092 841 2135 teres
852 2087 992 2150 scripsere,
1004 2089 1087 2136 Varro
1102 2089 1129 2136 in
1145 2096 1233 2153 satyra
1246 2105 1304 2154 qnae

204 2163 265 2212 dere
277 2163 319 2210 vel
330 2162 418 2212 dolere
429 2177 499 2224 eurn,
511 2164 556 2226 qrri
571 2164 734 2227 intelligendi
770 2161 966 2211 Testamentum
979 2162 1132 2212 inscribitur
1144 2165 1213 2225 apud
1226 2164 1306 2228 Agel.

203 2238 372 2302 sapiendique
385 2239 556 2302 vitameiegit.
567 2239 734 2291 Pnonnncn.
771 2236 961 2288 linmlibrom.
974 2252 1033 2300 cap.
1044 2242 1084 2289 lo.
1101 2239 1158 2287 ‘Ii'
1170 2239 1254 2302 liberi,
1264 2243 1272 2268 ‘
1283 2241 1304 2288 si

203 2313 236 2364 Id
256 2313 359 2378 quidem
382 2320 455 2363 certe
473 2313 573 2364 dictum
598 2322 649 2365 est.
673 2317 734 2366 Soc.
770 2320 848 2361 ersiut
867 2312 913 2361 laos
935 2312 1017 2378 λύραν,
1044 2315 1187 2364 exheredes
1212 2316 1306 2364 sunto-¹

204 2391 298 2441 Nonne
309 2391 353 2439 illa
364 2390 468 2440 vivendi
487 2395 554 2440 ratio
572 2391 674 2441 eidem'
690 2393 734 2442 bo·
771 2389 865 2437 suidas
874 2403 907 2437 ex
916 2390 1072 2451 Menandro,
1080 2390 1217 2451 Lucienus,
1226 2392 1305 2440 Mart.

204 2468 267 2518 mini
289 2468 399 2532 sapienti
418 2469 551 2518 ‘maxime
573 2466 655 2518 fuerit
676 2485 735 2519 con.
771 2464 881 2526 Capella
891 2464 938 2513 lib.
951 2478 1014 2514 vrri.
1032 2473 1112 2529 alque
1129 2465 1172 2513 alii
1191 2479 1306 2528 quosre-

202 2546 347 2595 seotanee?
372 2559 402 2594 ae
420 2544 483 2592 nibil
499 2543 604 2593 absurdi
623 2545 674 2594 erit
684 2543 735 2594 for·
771 2537 824 2589 fert
835 2539 967 2601 Erasmus,
977 2539 1003 2588 iu
1020 2553 1054 2588 eo
1074 2540 1175 2603 adagio.
1208 2540 1265 2588 lmo
1277 2548 1306 2589 et

203 2627 282 2682 tasse,
293 2621 315 2670 si
326 2620 511 2670 constituamus
523 2634 556 2668 ex
567 2620 685 2669 omnibns
698 2620 735 2669 vi·
771 2616 841 2679 apud
850 2617 996 2665 Varronem
1007 2615 1033 2664 id
1043 2616 1152 2665 nominis
1162 2621 1249 2678 satyro
1260 2629 1305 2664 ex.

203 2696 281 2746 vendi
302 2697 438 2759 generibus
459 2697 507 2745 boc
527 2709 584 2744 esse
608 2695 734 2746 divinissi-
772 2690 836 2740 titit.
859 2690 948 2740 Vallis.

202 2771 291 2821 mmo!
324 2772 393 2822 Hinc
405 2770 490 2820 eidem
506 2772 612 2821 senece
624 2773 650 2822 iu
668 2773 735 2837 Hip·
804 2767 871 2814 Em
889 2764 942 2814 ὄνθ’
956 2763 1014 2827 epis
1029 2763 1115 2830 λύραν]
1134 2764 1248 2816 ‘Minu‘
1272 2767 1306 2816 δᾶ

202 2848 294 2910 polyto
304 2847 371 2896 rnris
383 2849 469 2896 cultor
479 2847 541 2896 felix
553 2847 647 2898 dicitur
656 2848 734 2912 quod,
772 2841 870 2905 lyram!
889 2841 1060 2892 proverbium
1072 2847 1164 2901 “tilii
1177 2842 1245 2906 quod
1257 2857 1307 2894 ¹¹0ss

202 2922 284 2971 ‘Non
305 2924 350 2971 ille
368 2936 450 2985 regno
468 2922 559 2984 servit,
582 2931 627 2971 ant
655 2937 735 2985 regno
771 2917 848 2980 pueri
858 2923 998 2979 septennes
1006 2917 1136 2979 ignorant.
1152 2918 1268 2966 Bernart.

201 2997 338 3046 imminens
360 2998 450 3046 Vanos
470 2996 580 3045 bonores
609 2998 735 3060 seqnitur,
802 2991 912 3054 ’tisim
938 2991 1087 3053 Ἢμιπίχιον
1104 3006 1137 3040 ex
1157 2991 1255 3041 Ilindor
1276 2999 1305 3042 Α.

202 3079 248 3123 aut
258 3071 342 3122 fluxas
353 3085 427 3135 opes,
436 3072 499 3134 Spei
509 3071 735 3134 metusqneliber!
771 3067 824 3116 Ubi
833 3067 925 3116 Thetis
942 3067 1067 3115 Achillem
1078 3065 1158 3115 lilium
1176 3081 1226 3116 uon
1244 3070 1307 3118 sutis

200 3147 324 3210 Itemque
343 3146 453 3210 Virgilio
475 3159 508 3196 ιι.
531 3145 653 3208 Georgic.
676 3146 734 3210 qnia
772 3141 870 3191 doloris
880 3142 919 3190 sui
930 3155 1019 3190 causas
1028 3141 1189 3204 aperientem
1199 3143 1307 3207 alloqui-

202 3221 313 3274 ‘Metus
324 3237 414 3272 omnes
434 3229 462 3272 et
473 3221 635 3272 inexorabile
654 3219 734 3271 fatiam
772 3222 823 3281 tur,
839 3217 938 3282 aitque,
952 3215 1059 3278 Ἐεούδα,
1068 3217 1102 3276 μὴ
1117 3219 1184 3266 κεῦθε
1199 3217 1251 3281 νόῳ,
1266 3219 1307 3269 ἵνα

201 3298 322 3362 subjecit
336 3297 465 3361 pedibus?
484 3297 572 3348 Vollin.
772 3291 861 3353 εἴδομεν
872 3291 949 3355 lippe.
970 3293 1051 3354 ‘Dic,
1060 3307 1094 3341 ue
1103 3294 1307 3343 occultsanimo’

238 3374 481 3437 Nrcsperrsolipnid,
489 3388 531 3423 nec
539 3372 635 3435 entim]
644 3373 734 3424 senec.
771 3369 819 3431 fili,
837 3374 990 3420 ‘noscamus
1007 3376 1037 3419 ut
1057 3368 1151 3418 ambo!
1185 3371 1237 3417 Pro
1255 3385 1306 3433 qno

202 3449 228 3497 in
240 3449 336 3498 Troad.
354 3464 392 3498 vs.
410 3452 468 3498 424.
484 3448 682 3497 ‘Miserrimum
695 3453 735 3496 est
772 3444 861 3495 nescio
871 3445 928 3508 quis
936 3445 1045 3492 lbomm
1053 3441 1163 3505 Vettius,
1171 3441 1307 3493 substituit

203 3524 305 3587 timere,
321 3539 378 3574 cnm
397 3539 487 3588 speres
506 3523 586 3574 nibil:
617 3523 735 3588 Martini.
772 3517 875 3580 ripensi
890 3535 938 3580 μοι,
956 3517 990 3579 μὴ
1011 3516 1121 3582 spiri-ips,
1143 3517 1169 3566 in
1191 3517 1307 3568 editione

200 3597 482 3662 lib.x.Epig.xr.r11.
514 3599 666 3647 ‘Summum
686 3609 735 3646 uec
772 3593 1306 3657 Autverp.cunimunxxxrmnecsolum

202 3681 304 3723 metuas
316 3675 394 3735 diem,
413 3689 462 3724 uec
480 3677 574 3737 optes.’
606 3672 735 3722 Ausonius
772 3670 840 3718 hunc
864 3670 962 3733 locum,
983 3669 1030 3719 sed
1049 3683 1137 3719 omnes
1160 3669 1223 3718 alios
1249 3683 1306 3718 cors

203 3763 237 3796 ex
256 3757 343 3799 mente
363 3749 517 3798 Periandri:
542 3750 550 3776 ‘
563 3750 678 3798 Mortem
689 3761 735 3810 op·
773 3744 855 3807 rupit,
863 3744 966 3795 Graecis
976 3745 1094 3794 versibus
1104 3759 1153 3808 pro
1163 3745 1240 3794 libito
1251 3759 1307 3792 mn,

203 3831 260 3877 tare
272 3826 376 3889 utalum,
386 3825 478 3873 timere
491 3823 581 3887 pejus!
597 3823 684 3872 Sitztn.
774 3821 845 3882 tatis,
860 3821 901 3868 rel
918 3822 1099 3884 interpolatis;
1115 3821 1153 3869 ita
1171 3828 1200 3867 nt
1217 3833 1250 3867 ne
1262 3820 1306 3876 nni

237 3900 362 3958 Quodnon
370 3900 404 3950 sit
424 3898 530 3961 stabilis]
555 3899 677 3948 Luctant.
695 3897 735 3945 Do
773 3896 876 3960 quidem
897 3896 1056 3958 pepercerit,
1078 3894 1185 3955 egregie
1206 3893 1307 3942 scilicet

202 3973 248 4023 Ira
266 3975 327 4038 Dei,
340 3979 433 4038 cept.
453 3972 652 4036 ‘caligantibus
671 3970 735 4019 reri·
773 3969 934 4019 inscientiam
956 3984 1038 4031 snam,
1059 3982 1092 4015 ne
1118 3967 1307 4029 impudentiam

202 4049 378 4113 tatisfnlgore
393 4049 544 4110 luminibus,
555 4048 600 4112 qui
617 4046 736 4097 stabilem
773 4047 867 4106 dicem,
877 4044 1017 4108 professus.
1036 4044 1125 4093 Voltis.

203 4139 319 4188 gressum
337 4135 429 4175 tenere
447 4139 498 4175 uon
516 4129 635 4188 possunt,
653 4123 737 4172 maol·
807 4121 922 4169 Haecine
950 4125 986 4171 est
1014 4117 1164 4180 bibliotheca]
1198 4115 1305 4166 Latinos

201 4205 299 4256 vontus
310 4200 335 4249 in
349 4201 472 4264 planum?
489 4202 566 4251 Idem.
774 4194 865 4244 eadem
877 4194 993 4257 notione,
1005 4207 1052 4256 pro
1069 4194 1127 4242 loco
1138 4192 1165 4241 io
1180 4206 1231 4256 qno
1246 4192 1307 4242 libri

235 4274 330 4336 Aiitcit
345 4276 463 4341 clypeam]
480 4276 585 4328 Flavius
601 4275 687 4338 Caper
703 4272 736 4322 de
774 4277 944 4336 reponuntur,
963 4268 994 4325 rb
1011 4270 1111 4322 librario
1128 4268 1259 4332 accipere,
1272 4283 1305 4318 ex
