3184 4959
295 386 361 460 4'16
606 409 832 459 rnnononus
856 409 1089 459 racusanus

296 555 380 613 mous
393 550 596 613 Archilochius
611 551 734 610 dimeter
755 551 965 612 catalecticus:
988 552 1073 631 cujus
1087 552 1170 612 XlV.
1186 551 1268 612 metri
1282 569 1387 630 genere

296 633 487 693 meminimus.
531 633 597 690 Hoc
612 631 747 690 Carmine
762 631 851 690 semel
866 632 966 690 utitur.

522 771 564 808 ιιι.
581 763 605 808 8.
622 757 704 821 Eheu,
716 752 792 821 onam
803 759 911 808 miseros
922 758 1025 810 tramite
1036 760 1110 810 derio

647 821 765 872 Abducit
775 823 937 888 ignorantia!

615 908 935 939 --w-w-v-

645 973 896 1002 --υ---υυ

331 1077 421 1171 XXI.
444 1077 631 1138 Monocolon.
674 1079 781 1138 Versus
803 1088 847 1138 est
867 1077 1005 1138 heroicus
1018 1057 1203 1138 hexameterr
1224 1097 1284 1157 quo
1297 1077 1387 1138 semel

295 1168 396 1218 utitur.

485 1264 527 1300 ιιι.
545 1256 568 1301 9.
587 1252 612 1302 0
624 1252 667 1314 qni
678 1257 806 1314 perpetua
815 1249 938 1298 mnndum
949 1249 1048 1300 ratione
1059 1250 1194 1313 gubernas.

367 1333 369 1338 ·
580 1340 620 1351 --
650 1335 710 1366 -υυ
741 1341 782 1350 --
813 1336 874 1366 -w
904 1336 963 1365 -υυ
993 1339 1033 1348 --

304 1511 307 1518 ,
334 1444 432 1504 XXII.
454 1443 580 1502 Dicolon
594 1443 778 1520 distropham
818 1443 932 1504 Primus
946 1441 1073 1520 quisque
1087 1461 1186 1501 sersus
1198 1450 1244 1502 est
1261 1442 1387 1521 dactyli·

295 1545 347 1588 cus
360 1523 530 1596 Alcmunius
551 1530 719 1582 tetrameter
738 1523 968 1590 acatalecticus;
990 1522 1077 1598 cujus
1091 1523 1147 1581 lll.
1173 1523 1257 1583 metri
1281 1541 1387 1599 genere

295 1603 470 1661 mentionem
485 1601 616 1660 fecimus.
658 1601 811 1664 Secundus
824 1612 870 1667 est
882 1601 1028 1660 iambicus
1041 1602 1248 1662 Archilochius
1261 1603 1386 1662 dimeter

292 1684 491 1740 acatalectus:
513 1683 550 1738 de
572 1700 631 1758 quo
656 1701 743 1760 supra
758 1681 840 1740 XIV.
865 1680 1009 1740 Carminis
1023 1700 1127 1760 genere
1140 1680 1276 1741 diximus.
1318 1683 1386 1741 Hoc

294 1771 388 1821 metro
403 1761 491 1820 semel
503 1761 602 1819 utitur.

519 1901 559 1935 rv.
578 1891 601 1936 1.
617 1888 683 1936 Sunt
694 1887 789 1936 mentm
800 1894 893 1950 pennae
905 1887 1024 1937 volueres
1034 1888 1104 1950 mihi,

644 1953 711 2002 Qum
722 1952 792 2000 celsa
801 1950 979 2003 conscendant
989 1953 1052 2017 poli.

613 2036 672 2064 w
703 2041 743 2050 ····
774 2037 833 2066 *W
862 2037 922 2067 *w

644 2103 683 2112 --
713 2101 751 2129 υ·
782 2104 821 2114 ·-
851 2102 890 2130 υ·

302 2249 305 2256 ,
334 2200 450 2264 XXlll.
474 2203 601 2263 Dicolon
625 2203 809 2283 distrophon.
852 2205 967 2266 Primus
988 2207 1115 2284 quisque
1138 2225 1237 2266 versm
1256 2215 1303 2266 est
1324 2215 1388 2266 tru-

296 2285 415 2343 chuicus
428 2283 596 2343 Alcmanius
610 2283 736 2346 dimeter
748 2285 940 2344 acatalectus.
982 2287 1102 2366 Recipit
1128 2286 1202 2345 locis
1225 2285 1386 2364 imparibus

294 2364 467 2433 trocheum,
484 2363 665 2441 tribrachyn,
680 2383 891 2442 nonnunquam
905 2365 1075 2444 dactylum:
1097 2367 1218 2446 paribus
1237 2385 1305 2424 vero
1319 2384 1386 2425 cnm

294 2443 488 2521 supradictos,
504 2453 566 2502 tum
582 2444 668 2504 etiam
680 2443 853 2522 spondaeum
867 2454 897 2503 et
911 2459 1103 2523 anapaestum.
1144 2446 1300 2505 Secundus
1311 2445 1387 2504 Phe·

294 2522 450 2581 recratius:
472 2522 556 2598 cujus
570 2532 639 2582 ante
653 2523 708 2581 IX.
733 2522 877 2582 Canusinis
889 2543 995 2600 genere
1009 2526 1197 2586 meminimus.
1234 2527 1302 2584 Hoc
1326 2544 1386 2583 me·

293 2611 338 2660 tro
353 2599 441 2659 semel
457 2601 557 2660 utitur.

517 2739 557 2775 ιν.
575 2729 600 2775 2.
618 2727 690 2777 Quos
702 2724 773 2773 vides
785 2724 878 2774 sedere
888 2727 960 2777 celso

642 2783 705 2860 Solii
716 2789 829 2838 culmine
841 2791 935 2854 Reges.

612 2873 651 2903 -υ
681 2875 719 2904 -υ
750 2873 788 2904 -υ
818 2879 859 2891 -·

644 2939 703 2971 w-
733 2939 792 2970 -w
822 2942 863 2954 --

332 3043 445 3105 XXIV.
467 3043 593 3105 Dicolon
606 3045 788 3125 distropbon.
830 3044 944 3105 Primus
958 3046 1084 3125 quisque
1099 3067 1202 3108 sersus
1222 3057 1269 3108 est
1282 3045 1386 3126 dacty-

291 3125 368 3184 licus
382 3125 544 3184 Phalaecius
558 3135 740 3202 pentameter
762 3125 1041 3204 hendecasyllabus:
1061 3127 1099 3185 de
1113 3148 1173 3206 quo
1187 3132 1274 3208 supra
1287 3127 1384 3188 XVII.

292 3205 495 3342 lrptpttpibgencre
510 3202 648 3262 diximus.
691 3203 845 3262 Secundus
859 3215 904 3262 est
917 3204 1074 3280 elegiacos.
1111 3208 1177 3266 Hoc
1191 3217 1286 3266 metro
1299 3205 1387 3264 semel

518 3390 556 3426 rv.
574 3378 598 3426 t.
616 3375 686 3427 Quid
697 3381 783 3426 tantos
790 3377 870 3440 juvat
879 3374 994 3424 assitme
1004 3383 1099 3435 motus,

645 3441 681 3489 Et
691 3441 796 3504 propria
806 3438 888 3490 latum
899 3441 1029 3489 salicitana
1038 3441 1129 3488 manu?

262 3758 265 3762 ,
306 3747 308 3752 .
334 3691 431 3752 XXV.
452 3689 579 3752 Diasion
603 3691 789 3770 distropbon.
829 3694 944 3754 Primus
968 3713 1065 3752 versus
1087 3693 1192 3754 mistus
1211 3694 1328 3753 ridetur
1348 3714 1386 3753 ex

293 3771 444 3851 Sapphico
466 3781 495 3829 et
510 3771 674 3842 Alcmanio,
700 3783 840 3832 constans
856 3773 996 3843 trochaeo,
1021 3773 1172 3850 spondeo,
1196 3773 1242 3832 vel
1264 3773 1386 3853 dactylo

294 3872 361 3912 cum
377 3850 499 3929 syllaba,
513 3850 645 3927 dactylo,
660 3859 693 3924 et¹
704 3852 858 3929 spondeo,
873 3855 919 3912 vel
933 3853 1072 3912 trochaeo.
1097 3853 1252 3914 Secundus
1273 3861 1318 3909 est
1335 3852 1385 3910 ΑΙ-

295 3933 394 3992 caicus
409 3940 574 3989 tetrameter
596 3930 747 4001 iambicus,
775 3941 912 3992 constans
937 3951 973 3991 er
999 3932 1227 4010 penthemimere
1248 3931 1384 4003 iambica,

295 4009 423 4088 dactylo,
437 4019 467 4068 et
480 4008 634 4088 spondaeo.
676 4011 754 4080 Quid
777 4011 800 4069 si
815 4011 893 4070 hunc
907 4010 1061 4070 dixerimus
1074 4009 1268 4087 compositum
1283 4029 1320 4068 en
1332 4012 1385 4071 Al-

294 4091 384 4225 cainol
393 4088 558 4161 dimidiato,
585 4099 614 4148 et
633 4087 788 4150 dimidiato
809 4090 987 4151 Alcmaniol
1029 4092 1096 4150 Hoc
1121 4087 1257 4148 carminis
1281 4109 1385 4170 genere

296 4187 374 4227 seme
399 4168 501 4228 utitur.
1285 4189 1290 4198 ·
