3184 4959
648 411 800 460 aonurur
825 412 873 481 pa
895 411 1047 462 consus.

515 553 564 620 Ut
578 555 747 639 quendam
762 556 861 621 celeri
873 557 963 641 stylo

512 655 593 721 Mes
607 661 660 721 est
672 676 807 740 aequore
821 657 954 741 paginae

512 755 601 836 Quae
614 759 721 823 nullas
735 759 860 825 habeat
873 769 985 834 notas,

510 857 654 923 Pressas
667 859 766 942 figere
781 859 905 926 literas.

515 959 584 1024 Sed
597 981 694 1025 mens
708 964 738 1025 si
753 959 920 1045 propriisl
940 961 1057 1044 uigens

510 1060 604 1125 Nihil
617 1063 764 1128 motibus
779 1065 940 1148 explicat,

510 1162 577 1226 Sed
592 1169 718 1229 tantum
733 1166 864 1248 patiens
875 1165 970 1247 jacet

510 1263 613 1328 Notis
629 1267 765 1330 subdita
780 1285 967 1347 corporum,

509 1364 699 1446 Cassasque
714 1365 748 1428 in
764 1366 893 1448 speculi
907 1365 1016 1428 vicem

508 1464 632 1528 Rerum
647 1464 755 1529 reddit
769 1464 946 1548 imagines,
1012 1468 1018 1473 ’

509 1564 608 1630 Unde
623 1566 696 1631 haec
712 1568 762 1632 sic
777 1567 899 1633 animis
912 1567 1003 1649 viget

509 1665 656 1746 Cernens
671 1669 783 1733 omnia
797 1669 912 1733 codol

292 1859 414 1908 modam
437 1857 531 1908 Veteres
545 1857 650 1908 solebant
665 1860 753 1908 commo
773 1858 846 1907 celoci
860 1857 994 1920 imprimere
1010 1855 1092 1905 lisera
1112 1854 1139 1903 ia
1163 1855 1245 1902 oborto
1265 1852 1385 1916 eqeabiii,

292 1922 405 1984 sellim
414 1926 483 1970 anteo
493 1922 664 1971 characteribus
674 1921 800 1982 baigaito.
831 1921 896 1971 Atei
908 1935 972 1974 uaeas
981 1925 1063 1969 amre
1076 1919 1136 1968 nibil
1146 1917 1230 1968 eeoloit
1237 1917 1334 1980 propria
1341 1932 1384 1966 saa

291 1985 443 2046 agitabas,
462 1987 503 2034 sed
518 1985 618 2035 obnoxia
634 1986 821 2046 impressionibus
836 1999 957 2048 corporum
971 1987 1000 2032 ob
1018 1984 1055 2031 bis
1069 1984 1143 2031 aisa
1160 1983 1262 2043 patitur,
1276 1986 1300 2030 ei
1309 1982 1383 2040 refert

291 2048 407 2110 imagines
415 2048 511 2098 inutiles
520 2064 598 2099 rerum
608 2049 748 2110 objectorum
757 2049 835 2098 instar
844 2048 949 2112 amasii,-
957 2062 1001 2096 ear
1010 2045 1113 2108 cognitio
1122 2046 1261 2094 saioersniis
1270 2046 1382 2106 omniun,

782 2182 889 2234 NO'l'AE

291 2275 455 2342 spatiosa
474 2280 623 2343 corporibus
639 2281 817 2332 etiamexter-
857 2279 975 2344 ‘singula
995 2278 1121 2343 prespicit
1130 2278 1148 2329 ε’
1178 2277 1247 2344 qais,
1274 2281 1382 2341 prseter-

292 2355 331 2403 nis
343 2353 454 2417 imprimi
465 2356 609 2406 mentibus:
635 2371 686 2406 non
700 2371 817 2408 recusae
857 2372 932 2422 quam
953 2355 1021 2421 quod
1043 2370 1115 2406 mens
1136 2356 1247 2404 hnmana
1269 2352 1382 2415 seipsam

291 2429 375 2480 literae
386 2438 506 2481 currente
517 2431 616 2482 calamo
633 2434 817 2496 imprimuntur
857 2433 1011 2499 siugularem
1029 2447 1080 2481 non
1098 2431 1222 2496 prespicit
1240 2427 1382 2478 famulante

290 2505 396 2556 chartae.
429 2508 499 2558 Hinc
510 2509 601 2572 Stoici,
617 2509 736 2575 inquits.
747 2508 816 2574 Aug.
856 2523 975 2573 corpore,
996 2507 1039 2572 qui
1061 2512 1134 2556 tactu
1151 2507 1258 2570 risuque
1280 2502 1382 2567 percipi

289 2581 306 2630 l.
316 2593 379 2630 rur.
398 2582 431 2632 de
446 2583 503 2633 Cir.
522 2583 555 2632 D.
571 2599 597 2634 c.
613 2589 637 2633 7.
653 2585 816 2648 ‘posuerant
855 2587 980 2646 creditur,
991 2585 1130 2649 triangulus
1143 2580 1382 2643 circulusresiagn-

269 2687 271 2692 -
286 2656 413 2720 judicium
425 2659 543 2708 veritatis
553 2659 579 2708 in
596 2661 712 2710 sensibus
724 2675 815 2725 corpo·
855 2661 926 2722 laris,
937 2661 978 2709 bic
991 2652 1081 2709 revera
1091 2659 1233 2722 triangulus
1241 2656 1383 2707 circulasve

288 2732 334 2792 ris,
347 2746 486 2797 eorumque
498 2733 581 2782 infidis
591 2742 619 2784 et
630 2734 764 2785 fallacibus
775 2751 816 2786 re·
855 2749 906 2784 nou
928 2740 985 2784 est:
1013 2733 1219 2798 quandoquidem
1239 2731 1382 2797 triangulus

288 2807 355 2871 gulis
366 2809 451 2858 omnia
461 2824 517 2874 quse
533 2810 668 2860 discuntur
683 2811 816 2862 metienda
856 2809 993 2872 singularis
1004 2823 1055 2857 noa
1065 2815 1170 2858 constat
1186 2808 1235 2857 nisi
1252 2807 1334 2857 tribus
1353 2806 1383 2854 li·
1450 2849 1455 2860 ,

288 2896 347 2932 esse.
361 2883 536 2934 censuerunt!
855 2885 922 2947 aeis,
940 2899 998 2948 quae
1018 2883 1055 2933 its
1066 2883 1134 2939 inter
1149 2897 1177 2930 se
1194 2883 1297 2944 cebant,
1307 2889 1381 2931 utex

319 2955 390 3007 bSed
402 2959 497 3009 meassi
505 2960 617 3023 propriis,
626 2961 678 3024 da]
702 2974 734 3010 ιι.
753 2962 815 3012 Plri-
855 2961 897 3009 hie
904 2959 971 3008 dant
982 2965 1036 3008 tres
1053 2957 1141 3022 anguli
1160 2959 1271 3022 aequales
1281 2955 1381 3005 duobus

286 3033 403 3098 losopbia
417 3033 514 3085 refutat
529 3035 676 3086 Stoicorum
696 3036 763 3086 hunc
774 3051 814 3086 er·
855 3036 949 3086 rectis:
967 3035 1081 3085 circulus
1089 3048 1150 3083 vero
1161 3048 1212 3083 non
1223 3038 1325 3084 constat
1331 3031 1382 3081 nisi

287 3123 370 3158 rorem
380 3109 538 3172 argumentis
550 3125 584 3159 ex
599 3111 756 3176 Dialectici,
771 3113 814 3162 cui
856 3125 908 3161 ana
926 3111 994 3160 linea
1013 3111 1084 3160 circa
1100 3124 1179 3160 annm
1198 3118 1320 3173 punctam
1345 3109 1383 3157 ita

183 3184 186 3191 '
285 3181 324 3230 illi
345 3184 480 3245 plurimum
499 3184 651 3247 studebant,
671 3186 812 3236 desudatis:
852 3186 1040 3245 circumducta,
1059 3192 1088 3234 ut
1106 3199 1195 3233 omnes
1212 3185 1379 3247 illinspartee

286 3270 345 3306 nam
355 3257 381 3306 ln
393 3259 551 3321 Dialectiea,
563 3266 661 3322 praeter
680 3261 812 3309 notionem
851 3261 884 3309 ab
910 3260 960 3308 boc
980 3267 1077 3321 puncto
1105 3259 1241 3322 equaliter
1267 3260 1380 3310 distent:

285 3340 339 3400 tarn
362 3334 531 3383 universalem
553 3348 628 3397 quam
646 3335 811 3399 singularem,
851 3348 910 3384 cnm
926 3325 1013 3383 tame'n
1035 3331 1117 3382 omnis
1136 3334 1279 3394 triangulus
1299 3335 1382 3384 circu·

285 3406 657 3470 tractaturdivisio,defiuitio,
669 3409 813 3472 methodus,
852 3410 926 3458 luere
948 3408 1057 3469 sensilis,
1077 3407 1143 3459 sient
1164 3407 1299 3473 exquisitis
1317 3423 1376 3472 per·

286 3490 314 3533 et
325 3485 381 3547 ipsa
391 3483 508 3534 veritatis
526 3498 634 3533 norma:
662 3485 814 3549 quaomnia
854 3483 963 3548 spiciliis
980 3485 1045 3546 sive,
1055 3489 1086 3533 nt
1106 3484 1278 3549 loquuntnr‚.‘
1287 3486 1378 3535 micro·

285 3557 341 3608 fieri
364 3566 548 3620 neuportum,
568 3559 590 3608 si
610 3575 682 3609 meus
703 3561 814 3610 hnmana
854 3559 1171 3624 scopis'animadeertere
1189 3574 1331 3624 possumus,
1339 3561 1379 3610 ln·

285 3646 372 3682 omnes
391 3646 449 3682 suas
465 3633 584 3681 notiones
601 3634 751 3696 corporibus
771 3649 813 3684 ac·
853 3633 934 3684 fluitis
964 3648 1046 3697 prope
1076 3640 1178 3684 eonstet
1203 3636 1287 3700 lineis,
1317 3652 1379 3702 qna·

285 3701 374 3772 ce'ptas
394 3706 500 3757 referet.
533 3706 623 3756 Prirno
643 3709 721 3769 enim,
742 3710 813 3758 nulla
852 3723 910 3758 rum
938 3707 995 3756 aliae
1027 3722 1150 3772 egressa,
1175 3711 1233 3761 alise
1257 3712 1378 3774 inpressae

285 3784 337 3834 erit
350 3783 421 3833 notio
438 3781 599 3843 universalis,
615 3783 672 3832 eive
687 3784 813 3835 ‘cernens
852 3784 1006 3849 praedictam
1017 3785 1103 3848 anguli
1114 3785 1235 3836 circulive
1246 3788 1377 3836 notionem

284 3859 369 3910 amnia
378 3857 471 3908 notim’
486 3856 614 3922 siquidem
625 3857 697 3908 notio
709 3860 812 3909 nniver-
851 3861 1004 3924 singularem
1012 3859 1166 3923 impediunt.
1196 3860 1296 3922 Tertio,
1306 3861 1378 3910 nulla

284 3936 346 3985 salis
355 3949 405 3984 non
416 3932 558 3999 acquiritur
575 3932 702 3997 sensibus,
719 3935 812 4000 quibus
850 3950 953 4000 quoqne
965 3935 1015 3985 erit
1029 3935 1130 3997 divisio,
1142 3950 1193 3999 qna
1210 3949 1281 3984 mens
1297 3937 1375 3999 ‘cog-

284 4007 406 4074 qnicqnid
418 4008 570 4072 percipitur,
580 4007 643 4056 illud
660 4017 734 4059 certo
746 4016 812 4060 tem·
849 4011 905 4060 nile
916 4009 1010 4060 dividit
1018 4011 1034 4059 ε’
1057 4013 1116 4060 cuni
1125 4011 1183 4060 brec
1200 4024 1251 4060 non
1269 4009 1317 4061 liat
1327 4011 1377 4061 uisi

284 4097 348 4154 pore
365 4089 488 4145 certoque
503 4083 562 4132 loco
576 4081 613 4132 ita
623 4083 811 4135 circumscribi·
849 4094 938 4136 mente
946 4101 978 4136 ea
987 4102 1046 4151 quae
1058 4085 1173 4136 sensibus
1184 4084 1304 4136 videntur
1314 4100 1375 4137 con·

285 4161 337 4215 tur,
347 4165 377 4211 ut
391 4159 426 4208 sit
436 4157 574 4221 singulare.
602 4159 730 4225 Secundo,
739 4163 811 4212 nulla
843 4163 936 4227 juncta
946 4169 1093 4227 separante,
1107 4161 1172 4224 slve,
1191 4167 1221 4210 ut
1235 4162 1376 4227 loquentur

284 4231 361 4286 etlam
376 4233 425 4284 erit
435 4232 507 4286 notia
515 4233 660 4299 singularis,
675 4249 726 4302 qua
736 4251 809 4289 mens
849 4237 1163 4303 Logiei,‘abstraeticne.'
1185 4238 1375 4304 Quirianum
