3184 4959
338 422 489 493 aonrnrr
514 421 564 470 na
587 419 741 471 causon.
763 420 982 472 russosorrs.
1005 421 1077 471 mn.
1101 421 1157 471 ιιι.
1229 405 1293 472 487

202 566 249 628 tit,
274 576 330 629 qne
351 577 416 626 para
443 569 472 612 et
502 563 623 626 sanguine
644 563 729 626 plenu
766 568 953 613 antemversus
972 570 1017 614 ant
1032 564 1136 614 bononis
1150 565 1295 615 cannabin-

204 642 321 694 oriunlnr
338 641 365 690 in
384 655 501 704 corpore,
521 640 591 690 unde
610 640 731 689 strumosi
767 641 836 690 nium
856 642 1012 692 ‘strumam'
1036 644 1193 706 appellatum
1211 657 1226 691 a
1246 641 1294 692 Ca·

204 719 335 780 dicantur,
371 716 440 781 qnod
473 715 581 765 Boiitius
609 715 730 767 credidit.
767 717 979 781 tullopobtarum
998 719 1108 768 omniurn
1127 720 1296 781 castigatissi-

205 794 274 842 Bm
767 805 824 842 mo:
844 794 887 857 qui
910 792 1026 843 Asinium
1045 807 1158 858 qnoque,
1174 794 1294 845 convicio

241 829 307 918 Unde
318 867 438 931 Getullu]
453 867 572 918 Carmine
583 881 630 918 ars.
644 867 731 922 ‘Quid
766 867 794 916 in
805 867 922 932 stupidos
938 869 1048 932 vulgari,
1067 869 1239 919 Marrucinum
1251 885 1297 920 vo·

205 952 256 1006 est,
276 945 390 1014 Catulle,
417 944 477 1006 quid
504 946 611 994 moraris
633 945 731 995 emori?
768 952 826 994 cat:
839 946 1002 1010 nequeenim
1015 945 1294 995 exMarruciuiaCam-

205 1021 273 1070 Sella
283 1021 309 1068 in
322 1020 405 1069 curuli
415 1020 521 1068 Struma
529 1020 630 1070 Nonius
641 1021 730 1071 sedet:
768 1022 853 1085 paule
873 1023 974 1085 populis
994 1028 1078 1071 ortum
1090 1019 1170 1070 fuisse
1182 1020 1297 1072 indicata

205 1096 267 1144 Per
280 1095 441 1145 consulatum
473 1096 574 1158 pejerat
604 1096 730 1146 Vatinius.
768 1097 836 1160 qnod
860 1104 946 1146 tamen
968 1096 990 1145 si
1011 1097 1158 1159 scripsisset
1185 1095 1296 1158 Plinius,

206 1170 276 1221 Quid
288 1178 338 1233 eat,
350 1170 461 1234 Catulle,
475 1171 537 1235 quid
547 1173 654 1222 moraris
665 1187 732 1222 emo·
768 1187 843 1222 nemo
858 1186 909 1220 non
921 1172 957 1220 illi
970 1171 1048 1220 sidem
1060 1171 1194 1220 habiturus
1205 1169 1298 1220 fuerat.

206 1246 250 1296 ri?
266 1245 351 1295 Silam.
768 1248 904 1298 Postremo
917 1247 978 1312 quiid
997 1247 1029 1309 si,
1045 1247 1164 1311 quoniam
1177 1247 1297 1296 Vatinius

240 1322 598 1386 NoaiuasStnsssamoppellat]
609 1321 732 1372 Nolendo
767 1331 867 1374 struma
877 1332 982 1374 notatus
997 1330 1063 1384 erat,
1078 1324 1160 1372 voluit
1180 1323 1297 1373 Catullus

207 1398 256 1448 boo
272 1398 329 1446 loco
344 1396 492 1460 dnorapnolu
502 1399 583 1447 nostri
594 1397 692 1457 Boetii,
705 1396 731 1446 in
768 1400 869 1464 gemino
881 1414 966 1462 verso,
983 1399 1098 1463 geminas
1114 1405 1235 1461 strumas,
1250 1413 1297 1448 seu

208 1473 317 1537 eoquod
328 1474 457 1523 Strumam
467 1488 518 1522 non
527 1487 670 1537 cognomen
679 1473 733 1522 No·
768 1483 951 1525 strumosorom
973 1489 1020 1538 por
1040 1487 1206 1538 componere,
1231 1475 1298 1523 mul·

208 1549 244 1600 aii
266 1554 350 1612 putat,
372 1549 418 1598 sed
439 1549 590 1599 convicium.
631 1549 733 1598 Plinius
768 1559 875 1616 tumque
886 1553 946 1602 salis
963 1552 990 1602 in
1008 1567 1039 1600 eo
1058 1552 1163 1615 posuit?
1179 1552 1205 1600 id
1223 1559 1298 1602 certe

206 1623 252 1673 lib.
266 1636 377 1674 xxxvss.
404 1638 463 1687 cap.
479 1629 504 1674 6.
527 1624 596 1674 ‘Ab
617 1624 733 1674 Antonio
768 1630 817 1678 nisi
840 1629 979 1692 intelligas,
1003 1630 1135 1693 praecipua
1157 1628 1298 1678 Catulliani

208 1701 366 1764 proscriptus
377 1701 475 1750 Nouius
485 1709 537 1763 est,
545 1701 612 1751 tilius
620 1702 732 1751 strumas
769 1705 969 1769 Epigrammatis
981 1706 1019 1754 ris
1033 1719 1193 1770 srrrmenque
1215 1706 1299 1768 perie-

208 1775 289 1840 Nouii
301 1776 367 1838 ‘dun
382 1789 458 1840 quem
478 1776 594 1825 Catullus
606 1776 692 1825 Ροὲῑα
707 1777 733 1824 in
770 1781 814 1831 rit.
844 1782 977 1830 Vatinium
990 1788 1075 1830 antem
1087 1789 1184 1830 struma
1196 1781 1300 1842 insigni·

209 1850 275 1902 aella
305 1850 388 1900 curuli
418 1850 501 1900 visum
527 1850 634 1914 indigne
655 1851 733 1902 talis!
770 1855 915 1906 tumfuisse
934 1857 971 1905 ait
987 1855 1301 1924 ipseinimiorssejusCl·

210 1927 279 1976 Vide
290 1927 480 1991 Castigatioues
499 1928 593 1978 invni.
605 1930 734 1980 Catullum
771 1946 843 1995 cero,
854 1933 969 1981 oratione
989 1946 1037 1994 pro
1059 1932 1154 1993 Sestio,
1171 1931 1299 1993 Eplsbad

208 2003 316 2063 illustris
334 2009 362 2051 et
381 2003 590 2066 incomparabilis
602 2004 648 2052 visi
660 2006 735 2057 Josc·
770 2006 889 2058 Atticum
900 2020 942 2058 ιιι.
958 2008 1003 2058 lib.
1022 2020 1053 2056 ιι.
1087 2006 1163 2056 Unde
1183 2007 1300 2069 ejusdem·

210 2077 403 2141 pbiScallgeri:
422 2079 486 2127 item
503 2078 678 2129 Commentar.
695 2082 735 2131 M.
771 2082 799 2131 in
818 2082 926 2132 cundem
946 2096 1048 2130 caussam
1072 2081 1199 2145 quandam
1222 2095 1300 2144 agen·

211 2151 308 2203 Aulon.
330 2152 428 2201 Mureti
452 2153 484 2201 ad
507 2153 622 2216 ejusdem
645 2155 736 2206 Po'e'tas
773 2164 826 2206 tem
834 2158 920 2221 jocus,
935 2158 943 2186 ‘
957 2156 1094 2206 Tumidum
1110 2156 1232 2206 babemus
1243 2171 1300 2208 ora·

212 2229 325 2282 carmin.
336 2233 377 2278 5³.
395 2230 471 2278 Iden.
772 2231 875 2282 torem.²
896 2232 983 2281 Vallia.

243 2305 365 2354 &aalma
380 2306 493 2368 appellat]
510 2306 601 2370 Neque
619 2305 661 2354 bic
679 2311 737 2369 gut·
808 2307 867 2356 Com
877 2305 1007 2368 Decorato]
1023 2307 1049 2356 Is
1063 2306 1120 2370 ipse
1130 2307 1212 2356 estad
1224 2323 1299 2372 quem

212 2381 292 2433 lolam
313 2394 328 2428 e
349 2379 455 2428 flumine
481 2381 575 2430 Letbes
596 2381 680 2430 bausit
697 2382 737 2431 vir
773 2381 841 2445 apud
862 2381 1043 2431 cassiodorum
1055 2382 1145 2432 scribit
1162 2383 1301 2433 Theodori-

212 2456 344 2517 maximus,
354 2471 438 2520 neque
449 2455 598 2520 damopnola
608 2457 634 2505 in
646 2472 677 2506 eo
692 2471 737 2506 no·
773 2473 827 2508 cus.
861 2458 926 2507 Eum
947 2471 1009 2506 uero
1033 2458 1134 2506 ‘virum
1154 2458 1302 2508 Devotum’

212 2537 291 2592 tatas,
302 2530 370 2595 qnod
382 2536 504 2580 strumam
516 2531 542 2579 in
553 2532 650 2581 Catulli
662 2545 739 2580 versu
774 2540 860 2596 vocal,
869 2533 971 2583 nomine
983 2533 1152 2596 Adjuloribus
1169 2535 1302 2596 pecnliari.

212 2606 739 2670 conviciumesscexistimareril;utpost
775 2610 889 2672 Adjntor
906 2610 974 2658 enim
998 2609 1127 2673 Magistro
1150 2608 1302 2660 officiorum

211 2678 602 2745 Job.b1urmeliumscripsernnt
611 2681 739 2732 sonner-
769 2684 899 2748 jndicanti
910 2683 1016 2734 aderat:
1034 2685 1108 2748 cujus
1119 2685 1163 2736 ille
1180 2701 1258 2749 opera
1270 2688 1303 2736 ad

213 2756 309 2805 nartins
325 2765 353 2805 ct
368 2756 466 2806 Theod.
482 2757 636 2806 silamanus.
675 2757 739 2806 Fac·
776 2760 909 2813 condenda
925 2758 1003 2820 Acta,
1015 2773 1148 2822 responsa,
1168 2760 1305 2826 rescripta·

206 2833 252 2890 -rit
271 2833 373 2897 quidem
393 2833 490 2896 Nonio,
505 2834 617 2882 Strumae
638 2847 740 2896 praeno·
776 2849 826 2904 ogre
838 2834 968 2883 utebatur.
996 2833 1139 2896 Adiutores
1151 2836 1305 2886 virosdcso·

214 2923 284 2971 men,
298 2917 329 2958 ot
347 2923 380 2956 ex
398 2908 488 2966 Plinio
501 2908 623 2971 colligere
639 2909 687 2957 sibi
704 2907 739 2956 vi·
779 2919 818 2958 tos
830 2911 926 2968 vocari,
936 2907 1070 2958 coufirmat
1080 2924 1110 2958 ea
1123 2911 1305 2974 subscription

217 2985 328 3053 dentur,
344 2984 400 3048 quis
411 2999 473 3032 vero
489 2991 569 3046 neget
585 2998 635 3032 non
646 2998 678 3033 eo
688 2983 741 3034 for·
777 2985 887 3036 doctiss.
908 2985 1012 3048 Cujaoio
1042 2985 1154 3047 prolata,
1178 2985 1306 3034 Theodori

214 3069 286 3110 tasse
305 3066 405 3108 tumore
426 3058 567 3109 deformem
588 3057 666 3110 fuisse
687 3061 741 3110 No·
777 3060 1122 3123 MemorialinEpistolarum
1139 3059 1310 3109 sacriscrinii

216 3136 297 3195 nium,
315 3142 391 3199 atque
411 3136 472 3184 inde
490 3134 515 3183 id
534 3135 644 3183 nominis
663 3135 741 3199 adep·
779 3143 858 3199 atque
870 3135 944 3184 iunius
955 3135 1028 3183 exiis
1046 3135 1089 3198 qui
1100 3136 1231 3186 Quaestori
1241 3137 1308 3186 sacri

216 3220 283 3274 tum,
298 3219 327 3262 ut
349 3212 430 3274 Fabii,
456 3213 566 3275 Lentuli,
592 3213 741 3275 Cicerones,
779 3211 870 3275 palatii
882 3210 1037 3275 Adjutorum
1054 3212 1166 3274 nomine,
1182 3212 1230 3262 sub
1246 3214 1309 3264 diti·

217 3291 343 3352 Caesares,
370 3291 523 3350 Frontones‚
550 3289 647 3349 Flacci,
671 3289 743 3337 Stra-
780 3301 829 3335 one
845 3293 930 3336 tamen
944 3287 1062 3350 Magistri
1080 3287 1230 3338 Officiorum
1249 3303 1310 3339 con·

216 3367 295 3421 boues
306 3367 371 3416 dicti
382 3373 442 3416 aunt
453 3374 530 3431 atque
541 3367 602 3415 aiiii
634 3366 744 3414 Videtur
781 3361 877 3424 stituti‚
887 3362 1068 3412 inserviebant.
1088 3363 1128 3411 Ea
1136 3364 1172 3412 sic
1184 3365 1307 3428 sehabet,

216 3458 288 3504 sane,
299 3450 352 3492 tom
362 3444 422 3507 quia
434 3457 507 3491 nemo
518 3449 557 3491 est
568 3443 612 3506 quii
621 3448 744 3504 agnoscat
780 3450 897 3487 rasurus
907 3450 1070 3487 nneonorsus
1082 3451 1109 3486 v.
1120 3451 1148 3487 n.
1164 3449 1309 3489 nunonis·

218 3520 294 3568 ullam
316 3520 388 3568 istius
407 3519 517 3568 nominis
540 3517 673 3577 familiam,
688 3525 744 3566 tum
782 3524 825 3561 ass
844 3525 923 3561 escas
941 3524 1044 3561 sensuri
1065 3525 1257 3565 sermonicum
1275 3529 1309 3565 arr

218 3595 278 3658 quis
290 3594 419 3657 peculiare
437 3593 485 3640 boc
499 3592 535 3640 illi
548 3605 673 3655 agnomen
684 3589 745 3651 fuit,
782 3599 909 3636 Antoren
925 3601 952 3637 v.
961 3601 994 3637 ns.
1007 3600 1249 3642 commentantem
1262 3604 1311 3641 rs·

219 3684 270 3732 quo
281 3669 442 3718 illumaiilio
454 3667 577 3730 distingui
586 3667 683 3716 volunt.
702 3665 744 3715 Ad
782 3676 870 3724 usura,
891 3675 996 3712 sonares
1017 3676 1096 3712 mauu
1117 3677 1178 3714 nans
1196 3677 1310 3717 ιιιιιιιιιιι

218 3742 421 3806 bocfncitquod
435 3742 541 3791 Romani
559 3748 660 3792 veteres
677 3741 745 3791 inter
783 3751 865 3789 noras
900 3752 1235 3792 coususurrnoeoamsns
1267 3755 1311 3792 nr.

218 3820 373 3875 laudandam
381 3817 482 3866 nomina
491 3818 678 3881 agnominaquc
686 3831 746 3867 con·
783 3827 847 3866 ιιιι..
857 3828 945 3864 suurn.
957 3827 1105 3866 usvonrro
1117 3830 1144 3864 v.
1155 3831 1179 3867 c.
1188 3830 1245 3866 cos.
1253 3827 1312 3866 sus·

220 3897 357 3960 gerebant,
374 3904 403 3943 ut
425 3893 471 3942 Coi
491 3894 589 3955 Caesar,
610 3893 746 3954 Ciceroni;
783 3904 852 3940 ιιιιο
864 3903 1162 3940 arsusrmssuorurr.
1190 3891 1250 3940 Hoc
1263 3900 1313 3952 ess,

219 3974 310 4026 Marce
323 3971 400 4031 Tulli,
411 3969 528 4028 Catullo,
544 3975 572 4016 et
582 3969 639 4016 aliis
654 3968 746 4018 aliter:
784 3983 850 4017 asino
860 3968 955 4018 Cbristi
965 3982 1078 4018 nxxvu.
1110 3967 1186 4016 Unde
1193 3968 1249 4031 jam
1261 3969 1313 4018 cla-

220 4063 279 4097 cum
293 4061 353 4094 vero
363 4045 547 4094 inveherentur
562 4049 608 4092 aut
622 4044 747 4093 convitia·
785 4057 841 4092 rum
849 4049 899 4102 est,
909 4044 1087 4107 carpensimus
1096 4043 1139 4091 ille
1145 4057 1235 4092 scursa
1243 4042 1314 4094 dela·

220 4130 321 4183 rentur,
338 4135 388 4170 non
410 4122 484 4182 item,
507 4125 538 4167 ut
560 4117 657 4181 passim
678 4118 748 4181 apud
786 4124 879 4183 torque
889 4120 977 4168 Boeni
987 4121 1063 4169 V.D.
1074 4121 1121 4170 boo
1132 4127 1182 4182 est,
1191 4120 1198 4147 ‘
1208 4121 1248 4168 vis
1259 4123 1314 4172 De·

220 4205 338 4250 oratores
350 4197 491 4260 poetasque
501 4196 588 4245 videre
597 4201 646 4244 est.
672 4194 748 4242 Unde
786 4193 885 4243 votusx’
908 4195 953 4244 et‘
967 4196 1081 4245 Devotio
1093 4194 1156 4258 tua‚'
1167 4195 1270 4247 dicatur
1286 4198 1313 4247 in

221 4282 333 4340 apparet
349 4273 497 4337 ignominia·
513 4271 682 4336 conviciique,
698 4284 749 4320 non
787 4269 833 4319 illa
844 4269 961 4334 Epistola
972 4284 1027 4334 qua
1048 4270 1118 4333 apud
1134 4271 1312 4322 Cassiodorum
