3184 4959
504 412 760 463 ruinosornrn
784 413 857 461 nra.
880 412 912 457 v.
1189 394 1254 461 4oe

159 565 279 622 notum
294 562 360 633 est,
374 556 496 637 nequit
540 555 608 619 Sed
627 555 702 621 tue
716 552 867 619 conditio
881 552 1018 617 minime
1034 570 1145 617 oecnm
1162 550 1254 617 illam

160 657 367 741 simplicem¹
386 655 496 721 trehit
541 655 643 719 Hanc
657 655 747 719 enim
769 648 1097 719 necessitatem'non
1119 654 1255 735 propria

159 758 241 823 fouit
254 764 383 833 natura,
399 755 458 819 sed
472 755 676 820 conditionis
690 754 848 838 adjectio.
895 753 999 819 Nulla
1025 754 1112 819 enim
1137 772 1254 819 neces·

160 860 245 923 sitas
281 858 378 939 cogit·
399 857 553 921 incedere
580 856 766 921 voluntarie
791 854 1069 937 gradientem,⁸²⁰
1100 854 1254 936 quemvis

160 981 239 1025 eum
251 965 387 1037 tamen,¹
404 976 482 1023 cum
493 959 669 1039 graditur:¹
690 957 841 1022 inoedere
853 956 1080 1021 necessarium
1097 957 1152 1021 ait.
1189 956 1255 1026 Eo·

161 1060 239 1125 dem
253 1059 352 1143 igitur
364 1056 478 1135 modo,
488 1058 519 1121 si
534 1057 617 1140 quid
632 1055 848 1123 Providentia
863 1058 1122 1142 praesenavidet,
1133 1056 1168 1123 id
1181 1078 1256 1123 esse

160 1176 303 1226 necesso
316 1168 381 1236 eat,
396 1160 531 1223 tametsi
545 1158 669 1223 nullam
693 1158 812 1223 habeut
837 1166 985 1225 naturea‘
1006 1161 1255 1225 necessitatem.

161 1261 268 1345 Atqui
282 1261 379 1325 Deus
393 1278 435 1323 ea
450 1257 572 1337 sutura,
586 1277 664 1341 quaa
679 1278 726 1323 ex
739 1260 870 1325 arbitrii
884 1262 1031 1327 libertate
1046 1262 1255 1346 proveniunt.

161 1362 345 1446 proeaentia
358 1364 546 1425 contuetur.
590 1359 680 1425 Haee
694 1361 807 1443 igitur,
822 1361 866 1426 ad
881 1361 1035 1427 intuitum
1051 1362 1157 1427 relatu
1171 1362 1256 1427 divi·

160 1484 251 1541 num,
265 1460 461 1527 necessaria
473 1460 555 1525 fiunt
569 1480 627 1543 per
640 1461 869 1527 conditionem
880 1460 1005 1527 divinae
1019 1463 1185 1529 notionis:
1199 1482 1258 1545 per

160 1584 198 1629 se
209 1583 291 1630 vero
306 1561 525 1639 considerata,
540 1562 584 1627 ab
596 1562 754 1627 absoluta
767 1572 895 1629 naturae
920 1583 993 1629 suae
1017 1564 1174 1629 libertate
1189 1582 1256 1627 non

161 1665 341 1730 ternanta
385 1663 507 1727 Fiunt³
530 1663 633 1743 igitur
647 1663 1013 1746 proculdubioonnctu
1040 1685 1117 1747 quae
1139 1666 1253 1730 futura

163 1764 260 1829 Deus
275 1782 352 1828 esse
366 1764 559 1847 praenoscit,
574 1761 633 1825 sed
650 1782 762 1827 eornm
778 1763 934 1846 quaedam
960 1764 1003 1827 de
1027 1765 1130 1829 libero
1154 1764 1256 1847 profl-

162 1867 336 1931 c'iscuntur
349 1864 500 1929 arbitrio:
514 1882 591 1945 qnae
605 1865 758 1947 quamvis
772 1864 929 1929 evenient
941 1864 1128 1942 existendo,
1144 1874 1256 1928 temen

163 1966 333 2051 propriam
348 1971 499 2030 naturam
513 1983 578 2028 non
590 1964 762 2029 amittunt:
783 1964 865 2046 quin
878 1966 994 2048 prius4
1014 1985 1113 2049 quam
1129 1965 1257 2042 fierent,

164 2070 265 2133 etiam
280 2086 346 2131 non
360 2067 490 2129 evenire
503 2065 706 2149 potuissent.
751 2064 844 2143 Quid
868 2067 965 2149 igitur
983 2067 1083 2131 refert
1102 2085 1168 2131 non
1182 2084 1256 2130 ease

163 2167 367 2245 necessario,
377 2187 454 2232 curn
467 2173 605 2250 propter
618 2166 739 2231 divinae
748 2168 902 2233 scientiae
915 2168 1135 2233 conditionem
1150 2165 1259 2230 modis

164 2271 334 2346 omnibus,
364 2267 580 2333 necessitatis
605 2267 721 2343 instar,
750 2268 929 2333 eveniant?
1000 2267 1079 2332 Hoc
1114 2267 1258 2341 scilicet,

164 2372 257 2455 quod
272 2390 312 2435 ea
325 2388 403 2453 quea
415 2369 520 2452 paulo
536 2374 615 2431 ante
630 2368 818 2451 proposui,⁵
834 2368 894 2433 Sol
908 2369 1030 2445 oriens,
1040 2373 1072 2431 et
1085 2364 1259 2448 gradiensr

162 2474 273 2549 homo,
288 2490 365 2555 quae
379 2470 457 2535 dum
470 2469 563 2545 iinnt,
577 2488 644 2533 non
657 2468 727 2533 fieri
741 2488 808 2533 non
822 2476 987 2553 possunt:
1011 2486 1127 2533 eorum
1147 2473 1259 2531 tamen

164 2591 268 2637 unum
283 2572 378 2655 prins
391 2590 525 2656 qnoque
538 2590 639 2654 quarn
654 2571 760 2648 tieret,
773 2590 913 2635 necesse
928 2577 1000 2635 erat
1020 2568 1183 2633 existere:
1208 2565 1259 2631 al-

164 2680 269 2739 torum
281 2692 361 2738 vcro
375 2673 522 2737 minime.
565 2672 621 2737 lta
635 2673 737 2737 etiam
752 2691 831 2756 qnae
848 2672 1029 2755 praesentio
1040 2671 1134 2735 Deus
1149 2667 1259 2743 habet,

165 2775 282 2861 procui
296 2773 401 2838 dubio
413 2774 580 2838 existunt:
595 2772 657 2837 sed
670 2791 786 2837 eornm
799 2772 863 2837 hoo
879 2772 1016 2856 quidem
1027 2771 1070 2835 de
1083 2789 1190 2835 rernm
1201 2787 1260 2833 ne·

166 2874 328 2941 cessitate
353 2874 537 2952 descendit,
567 2873 653 2939 illud
687 2893 767 2940 vero
797 2874 840 2938 de
868 2877 1030 2957 potestate
1056 2870 1260 2935 iacientium·

166 2975 275 3040 Hand
287 2976 409 3059 igiturt
429 2974 548 3058 injuria
561 2974 723 3052 diximus,
737 2972 824 3050 haec,
840 2973 870 3036 si
883 2971 927 3037 ad
941 2972 1091 3037 divinam
1108 2968 1260 3033 notitiam

164 3077 360 3153 reserantur,
375 3075 582 3154 necessaria3
605 3074 636 3137 si
659 3093 721 3157 per
740 3092 778 3137 se
793 3070 1051 3147 considerentur,
1077 3068 1261 3132 necessita·

190 3271 395 3321 ‘Necessitatem
468 3270 677 3319 ‘Antamon-
751 3266 902 3320 *rutum
964 3262 1257 3330 ‘Noaprieosturam

165 3338 218 3384 tate
229 3336 509 3386 truncantem.
581 3334 753 3384 ennom.
817 3333 903 3381 «Non
912 3332 1037 3380 tumente.

621 3458 803 3481 mm

185 3560 216 3595 oe
225 3545 324 3595 stoan.
334 3542 399 3607 aeg.
411 3549 438 3593 et
446 3542 518 3593 Viet.
530 3542 671 3592 secundus:
688 3538 1018 3599 nuncupantem-1
1035 3534 1106 3586 vict.
1116 3534 1223 3599 primus,
1234 3542 1262 3585 et

225 3645 232 3659 .
254 3623 306 3659 eam
326 3610 436 3658 tam-2
453 3607 555 3656 Netum
576 3606 660 3655 hbent
678 3606 776 3668 Delph.
796 3602 931 3653 flach-s
949 3600 1022 3649 Fient
1040 3599 1101 3649 cdd.
1121 3600 1263 3650 andana-

166 3625 206 3723 4θ
274 3672 342 3736 priua
352 3669 412 3722 edd.
422 3668 529 3722 eodem.
547 3669 664 3735 Uterque
675 3670 775 3719 Thoan.
786 3683 832 3732 quo
841 3666 964 3731 priua—⁵
981 3664 1082 3715 Thura.
1093 3664 1205 3728 primur:
1220 3679 1262 3728 po·

658 3812 764 3863 NOTAE

168 3934 231 3982 bere
248 3923 444 3991 ugenteiltaeaa
460 3928 593 3972 remaneat
609 3928 698 3986 poter·
737 3926 821 3971 testas
843 3919 876 3968 ed
897 3916 1062 3981 utrumlibet)
1083 3922 1124 3965 eat
1146 3915 1263 3983 evidens,

168 4015 209 4057 ru
219 4004 253 4053 ed
270 3994 486 4060 praemittentur
497 3995 612 4057 evidens,
626 4009 697 4058 vera,
736 4012 809 4058 vera,
825 4002 853 4045 et
862 4002 934 4045 certa
945 3993 1061 4043 seientia.
1092 3990 1180 4055 Atque
1195 3992 1220 4040 id
1232 4006 1265 4041 eo

167 4090 196 4131 et
206 4086 281 4129 certa
291 4072 411 4134 seientia,
421 4072 459 4121 aie
473 4071 553 4122 etiarn
572 4072 696 4133 praenotio
735 4072 833 4135 potina,
846 4070 914 4135 quod
931 4067 1044 4132 quamvis
1054 4080 1112 4116 mea
1121 4066 1218 4116 locutio
1229 4068 1264 4117 eit

167 4158 256 4207 divine
267 4146 545 4211 fururorum(qnanrvie
556 4146 583 4194 io
594 4146 696 4198 bonine
735 4161 812 4197 mura
834 4144 953 4206 notionis,
969 4158 1019 4209 qua
1037 4158 1106 4193 none
1128 4144 1262 4207 cognoscis

168 4235 229 4286 otini
237 4238 328 4284 acturo
336 4228 488 4277 intemerata
494 4230 641 4290 pemveret
648 4238 694 4289 po·
735 4238 777 4275 me
787 4221 875 4289 toqai;
890 4218 1184 4284 annumerandae
1197 4234 1263 4284 prre.
