3184 4959
320 401 386 467 5511
689 404 850 462 horrori
875 399 1086 461 1111111111

439 559 605 622 Porticihus
618 558 708 619 saeris
717 558 778 637 juro
793 578 873 617 nune
884 555 1034 635 peregrina
1047 554 1165 634 quiesco

476 656 594 717 Judicis
608 654 715 714 aeterni
724 652 881 715 testificata
896 654 1046 713 thronum.

378 800 384 812 .
441 749 488 812 Ne
502 771 562 829 qua
576 770 678 811 mnnrrs
693 750 812 810 bustum
827 750 925 819 violer,
940 746 996 805 nisi
1009 746 1085 804 forte
1093 742 1202 821 jugalis

480 846 555 905 llaec
568 845 673 905 iterum
688 845 789 923 cupiat
798 844 925 921 jungere
940 841 1072 901 membra
1086 840 1156 899 suis.

440 938 484 1000 Ut
496 940 616 1000 thalami
626 941 789 1017 tumulique
804 957 903 997 cemes
918 956 973 994 nec
987 946 1082 995 morte
1095 932 1218 996 revellor

481 1035 519 1094 Et
532 1034 630 1094 socies
643 1034 703 1093 vita
716 1042 817 1093 nectet
836 1041 958 1109 uterque
973 1029 1055 1090 ciuis.

362 1126 397 1189 lu
409 1128 572 1207 penultimo
586 1144 671 1188 versu
690 1128 766 1186 male
785 1125 904 1185 revellat
921 1126 1031 1203 legitur·
1041 1125 1070 1182 in
1085 1122 1323 1203 inscriptionibus
1338 1120 1419 1183 (Ξιιιὸ

320 1225 376 1286 teri
392 1244 424 1303 p.
439 1239 585 1286 sscnxvr.
603 1224 633 1284 6.
655 1233 685 1283 et
697 1224 830 1300 Philippi
846 1222 961 1284 Lahhei
980 1223 1118 1281 thesauro
1133 1219 1318 1297 Epitaphicr.
1334 1228 1419 1297 parte

1335 738 1420 755 mvn-

320 1325 459 1380 11151.
500 1321 548 1380 De
572 1316 690 1380 Boethii
712 1319 881 1399 Epitaphio,
898 1316 978 1396 quod
999 1316 1097 1377 adhuc
1120 1316 1221 1393 Pupiee
1245 1315 1305 1377 sive
1318 1314 1420 1373 Ticini
1515 1338 1518 1345 ·
1559 1278 1560 1343 1

320 1416 457 1487 cernitur,
471 1415 539 1476 vide
552 1416 674 1476 loannis
685 1414 885 1494 Peringshiold
895 1422 982 1473 notes
996 1413 1034 1472 ud
1049 1412 1140 1471 vitem
1152 1404 1332 1471 Theodorici
1344 1409 1418 1470 dle.

320 1509 455 1571 Cochleo
469 1511 609 1587 scripturn
623 1530 654 1589 p.
671 1517 729 1580 537
732 1553 739 1569 .
755 1510 965 1570 Stoolrholmiee
977 1512 1015 1568 A.
1032 1509 1118 1579 1699.
1132 1516 1163 1568 4.

359 1606 461 1666 Altera
482 1606 598 1665 Boethii
621 1626 697 1665 uror
714 1605 773 1665 fuit
792 1605 978 1678 Rusticiana,
991 1603 1030 1665 de
1044 1623 1102 1681 qua
1117 1600 1281 1682 Procopius
1297 1616 1354 1661 111.
1369 1608 1419 1662 20.

320 1697 359 1759 de
385 1700 464 1759 hello
488 1701 640 1761 Gothico:
663 1702 832 1780 Symmachi
857 1700 909 1777 qui
930 1696 1320 1765 consecuturae,
1346 1695 1419 1767 filie,

320 1801 472 1874 materque
492 1796 685 1875 plurimorum
699 1797 901 1868 liberorum,e
922 1794 1029 1873 quibus
1047 1791 1107 1853 duo
1126 1792 1186 1864 filii,
1204 1794 1245 1861 Q.
1259 1794 1334 1852 Aur.
1347 1792 1419 1851 Aoi·-

319 1890 385 1953 eiue
402 1894 600 1970 Symmachus
612 1902 643 1953 et
660 1892 783 1955 Anicius
803 1892 931 1953 Manlius
946 1890 1100 1951 Severiuos
1120 1888 1263 1949 Boethius
1284 1887 1420 1947 consules

319 1986 403 2050 foere
417 1992 456 2047 A.
470 1989 506 2047 C.
522 1996 591 2049 522.
674 1976 686 2004 ⁴

356 2082 577 2164 Theodericum
599 2102 661 2143 suae
675 2082 704 2144 in
720 2081 878 2143 Boethium
894 2080 1057 2159 iniquitatis
1072 2100 1135 2141 sero
1148 2080 1254 2141 deiude
1268 2078 1418 2159 poenituit.

319 2176 393 2237 Vide
406 2178 586 2257 Procopium
600 2180 637 2240 L.
653 2196 679 2239 1.
693 2178 833 2240 Historiae
844 2178 995 2239 Gothicae.

361 2274 516 2334 Boethium
530 2294 589 2335 una
602 2295 672 2337 cum
685 2294 789 2337 socero
803 2295 857 2337 suo
872 2273 1240 2352 Symmacholustecepite
1249 2280 1420 2333 truncatum

320 2368 422 2429 scribit
434 2379 539 2431 auctor
552 2370 620 2431 vitre
635 2373 668 2431 S.
687 2370 834 2449 solangio
848 2370 938 2431 Τοιιι.
959 2383 1001 2431 ιι.
1016 2372 1085 2431 Act.
1100 2371 1276 2429 Sanctorum
1291 2368 1365 2429 Maii
1388 2388 1419 2445 p.

258 2541 261 2548 .
320 2470 390 2533 594.
404 2473 494 2543 atque
513 2466 580 2525 inde
602 2466 684 2544 pingi
708 2476 801 2545 ceput
816 2483 905 2527 suum
923 2484 1009 2525 marro
1033 2474 1207 2544 portantem.
1251 2463 1418 2525 Gerhertus

319 2558 382 2619 siue
395 2560 544 2639 sylvester
560 2577 599 2619 ιι.
614 2561 767 2620 Pontifex:
1150 2556 1154 2566 ’

439 2683 599 2703 —-·---
612 2656 711 2732 glatlio
726 2656 893 2716 bacchante
907 2658 1074 2719 Gothorum

440 2749 570 2805 Libertas
586 2749 719 2807 Romana
730 2750 818 2827 perit,
834 2759 866 2809 tu
880 2750 989 2809 Consul
1003 2760 1031 2808 et
1046 2751 1114 2811 exul

437 2842 570 2921 Insignes
584 2844 842 2923 titulosproeelare
856 2854 948 2906 merle
963 2846 1113 2924 relinquis.

319 2936 395 2998 Vide
409 2936 496 2996 etiam
511 2958 578 3015 quae
593 2948 678 2999 nutat
689 2939 911 3017 Papehrechius
925 2941 1016 3001 Tem.
1037 2941 1067 3002 6.
1084 2942 1244 3022 Maii'lpug.
1263 2950 1333 3013 704.
1349 2964 1414 3021 seq.

317 3042 349 3096 el
360 3033 408 3093 Jo.
417 3032 619 3110 Periugslriold
629 3034 667 3091 ad
680 3033 772 3095 vilem
785 3034 966 3096 Theodorici
979 3055 1010 3114 p.
1025 3035 1094 3098 566.

359 3128 405 3186 De
419 3128 507 3187 rebus
515 3130 631 3186 Boethii
641 3148 703 3207 pree
714 3132 830 3189 caeteris
840 3130 992 3208 diligenter
1007 3135 1066 3210 egit
1078 3142 1183 3193 auctor
1197 3133 1336 3195 Historiae
1351 3135 1421 3211 ejus.

317 3222 349 3279 in
361 3229 421 3281 tres
430 3222 531 3283 diuisae
544 3224 633 3285 libres
645 3233 676 3282 et
688 3225 804 3285 Gallice
815 3246 909 3303 nuper
918 3227 1018 3298 edita,
1034 3237 1043 3263 ‘
1056 3229 1185 3289 Histoire
1193 3229 1231 3289 de
1246 3232 1348 3301 Enete,
1365 3234 1417 3293 Se·

316 3327 423 3377 namur
436 3318 571 3391 Romaiu,
585 3340 659 3379 avec
677 3319 697 3377 l'
710 3321 828 3399 analpse
849 3323 886 3382 de
901 3332 968 3385 tous
990 3344 1035 3383 ses
1059 3343 1209 3404 ouvrages,
1224 3327 1276 3385 des
1290 3338 1374 3388 notes
1388 3337 1421 3387 et

318 3412 372 3475 dos
396 3414 599 3481 dissertatione
622 3418 810 3495 Historiques
824 3426 854 3479 et
871 3419 1114 3499 Theologiques!
1154 3422 1245 3483 Paris.
1264 3430 1417 3491 171512.

319 3510 449 3589 quinque
471 3512 677 3574 voluminibus.
718 3514 796 3573 Vide
823 3516 1030 3593 Epheurerides
1048 3516 1188 3579 literarias
1210 3518 1301 3579 Paris.
1327 3517 1417 3587 1716.

318 3624 387 3681 pag.
403 3613 474 3666 330.
488 3626 553 3685 seq.
579 3611 660 3669 Male
679 3630 749 3689 pag.
769 3618 840 3673 331.
860 3613 998 3672 Boethius
1013 3612 1121 3675 dicitur
1138 3622 1226 3679 natus
1238 3613 1278 3675 Α.
1291 3614 1327 3673 C.
1343 3622 1416 3682 407.

318 3699 423 3778 opinor
433 3703 612 3780 typographi
625 3723 721 3764 errore
735 3726 790 3783 pro
802 3704 873 3775 467.

360 3794 476 3853 Boethii
498 3794 537 3855 de
561 3799 772 3861 Consolatione
794 3803 971 3865 Hiucurarus
989 3812 1109 3881 quoque
1130 3804 1253 3865 Librum
1272 3812 1417 3862 memorat

318 3909 377 3949 ιιοιι
390 3890 481 3949 libros
498 3892 587 3953 Τοιιι.
608 3909 633 3953 1.
653 3914 721 3973 pag.
740 3906 812 3958 211.
828 3896 866 3956 de
884 3896 1081 3973 praedestinat.
1101 3909 1204 3960 contre
1228 3898 1416 3959 Gerleschal-

318 4005 386 4045 cum
399 3996 430 4046 et
443 3987 483 4045 Τ.
497 4003 537 4047 11.
553 4007 621 4066 pag.
634 3991 683 4051 62.
699 3989 838 4067 ‘quidam
852 3991 1015 4057 catholicos
1029 4003 1060 4053 et
1074 3994 1221 4072 sapientire
1237 4012 1270 4053 ac
1286 3993 1416 4053 scientiae

318 4081 418 4140 multae
439 4081 637 4163 Philosophus
660 4086 691 4149 in
710 4086 838 4163 quedam
853 4106 906 4145 suo
920 4087 1029 4159 Libre,'
1043 4094 1102 4151 dcc.
1144 4092 1271 4150 Joaunes
1286 4089 1419 4149 Serisbe·

318 4175 417 4236 niensis
430 4192 492 4237 vn.
510 4186 556 4239 15.
571 4180 757 4243 Poliereticir
780 4181 830 4242 ‘Si
854 4182 924 4247 mihi
949 4204 1006 4245 uon
1029 4184 1135 4257 credis,
1151 4185 1225 4248 liber
1248 4185 1285 4244 de
1304 4186 1415 4246 Conso-
