3184 4959
317 432 385 499 402
665 424 820 494 bonrum
845 444 894 494 oa
917 440 1070 495 corson.

316 588 432 667 Quare
454 589 491 655 in
508 589 601 655 illiue
626 608 765 654 summm
788 588 1017 673 intelligentiae
1033 596 1217 667 cacumen,⁸
1236 588 1267 653 si
1292 596 1411 671 possu-

317 710 406 768 mus,
421 692 604 774 erigamur3
625 689 698 755 illic
713 692 801 755 enirn
815 691 904 755 ratio
917 691 1042 756 videbit
1055 691 1147 773 quod
1162 691 1195 767 in
1209 709 1247 755 se
1264 706 1332 754 non
1351 708 1414 772 po·

320 795 386 857 teat
397 793 526 857 intueri.
570 792 611 856 Id
623 799 759 858 autem⁷
780 799 844 870 est,
859 792 1119 876 quonammodo
1135 792 1236 856 etiarn
1252 810 1328 873 quae
1343 808 1416 853 oer-

319 897 374 957 tou
388 894 501 958 exitus
514 912 580 957 nou
594 894 725 971 babent,
740 901 834 960 certe
847 900 959 959 tamen
972 894 1086 958 'videat
1108 912 1148 957 ac
1170 892 1305 957 delinita
1326 908 1416 973 prae·

317 995 429 1059 notio:
451 1014 560 1077 neque
574 994 609 1057 id
621 995 665 1059 ait
677 996 804 1077 opinio,
820 996 880 1060 aed
896 1014 1033 1061 summae
1049 996 1163 1080 potine
1178 993 1328 1059 scientiae
1340 992 1415 1054 nul·

320 1095 362 1160 lia
376 1096 523 1160 terminis
535 1094 664 1159 inclusa
677 1095 891 1176 simplicitas.

318 1322 487 1385 pom-⁷
505 1320 558 1371 Mt.
570 1319 697 1370 Ritterrb.
707 1318 806 1368 omittit
818 1319 935 1367 voculam
946 1324 1032 1368 mear.

817 1446 928 1498 NOTAE

353 1554 366 1590 r
383 1546 463 1601 Quare
480 1544 506 1593 ia
520 1542 585 1592 illiue
601 1557 697 1592 erem
714 1542 848 1603 intelliget·
887 1548 948 1591 cet:
967 1541 1012 1591 red
1025 1540 1057 1591 ad
1070 1542 1155 1591 Deum
1165 1538 1291 1589 accedere
1300 1554 1350 1590 non
1359 1554 1417 1603 por·

320 1618 546 1681 tiammo]
557 1617 712 1668 Studeamus
720 1617 848 1667 accedere
888 1631 974 1666 eumue
986 1618 1035 1665 niai
1047 1616 1166 1680 diligenti
1182 1615 1216 1664 ad
1232 1617 1316 1678 iprum
1333 1614 1417 1663 Deum

321 1696 354 1747 ad
366 1694 562 1758 intelligentiam
570 1692 697 1743 divinam:
714 1692 848 1743 cumcuim
888 1690 960 1743 iacta
967 1693 1128 1743 attentione:
1146 1692 1179 1741 ad
1192 1691 1259 1756 quod
1271 1692 1328 1754 ipsa
1339 1692 1418 1739 etiarn

320 1773 369 1821 bac
380 1768 647 1832 intelligentiadivina
657 1767 772 1832 perfecte
780 1781 849 1816 com·
889 1768 970 1817 nostri
981 1769 1096 1831 corporis
1104 1766 1188 1830 figura
1196 1780 1240 1816 nor
1247 1767 1350 1815 videtur
1360 1766 1418 1814 bor·

321 1844 501 1911 prehendatur
512 1842 638 1906 predicta
653 1841 747 1891 divinae
758 1842 850 1890 Provi·
892 1842 956 1891 tari:
974 1840 1099 1906 siquidem
1116 1847 1216 1900 natura,
1229 1840 1312 1904 inquit
1332 1839 1419 1887 Philo·

322 1918 419 1972 aientia
444 1918 614 1981 humanaque
639 1914 769 1965 libertatis
791 1929 852 1965 con·
892 1916 990 1978 rophia,
1001 1924 1101 1965 ceteras
1119 1915 1261 1965 animanter
1271 1914 1368 1977 abjecit
1384 1913 1418 1963 ed

323 1995 425 2056 cordia,
447 1998 543 2057 quanto
560 1992 665 2055 propius
681 1990 715 2039 ad
736 1989 852 2040 divinum
892 1999 1003 2054 partum,
1022 1993 1103 2040 solnm
1121 1991 1249 2039 bominem
1268 1989 1362 2049 erexit,
1383 1988 1418 2038 ad

320 2067 484 2133 intelligendi
494 2066 596 2115 modurn
606 2063 769 2127 accedemus,
777 2071 851 2115 tauto
891 2065 1001 2128 coeliqne
1013 2065 1084 2127 quari
1095 2065 1259 2128 cognitionis,
1269 2071 1297 2113 et
1312 2062 1418 2113 domici·

322 2138 403 2209 magia
418 2145 474 2195 bae
489 2142 628 2214 concordia
648 2141 723 2194 nebia
739 2142 851 2193 inueter-
889 2139 918 2189 lii
931 2140 1031 2205 prirtini
1045 2147 1212 2205 conspectum
1223 2140 1355 2191 excitavit.

711 2410 1026 2441 m

732 2610 942 2677 METRUM
966 2611 1011 2676 V.

327 2744 445 2839 Quart
461 2756 586 2824 vitriish
607 2769 714 2825 terras
731 2759 889 2824 animalia
902 2764 1073 2842 permeant
1087 2757 1218 2838 liguris!

325 2857 482 2945 Namque
497 2861 565 2925 alia
580 2867 715 2926 extento
729 2865 806 2925 sunt
820 2880 971 2943 corpore,
986 2860 1224 2942 pulveremque
1239 2860 1384 2931 verrunt,

360 3042 440 3098 Quam
457 3042 558 3093 dicarit
568 3042 661 3107 figaria
674 3042 784 3105 praem
800 3041 931 3090 animantes
939 3042 1079 3102 pereurrant
1089 3034 1183 3086 turea!
1198 3036 1252 3085 ulia
1262 3034 1325 3084 raim
1335 3033 1424 3085 babeat

326 3119 410 3169 m
427 3107 531 3169 mm,
540 3123 592 3171 qaae
602 3111 720 3172 remeate·
729 3106 818 3155 mute
831 3105 869 3153 uri
884 3104 987 3166 pectoris
997 3107 1093 3152 cenant
1107 3103 1228 3167 paieerem
1239 3104 1262 3149 et
1273 3100 1360 3149 daturi
1373 3100 1421 3147 eai-

823 3234 933 3285 NOTAE

359 3331 372 3365 ἱ
389 3332 468 3389 Qun
487 3334 570 3397 ariis,
587 3332 641 3396 qe]
657 3331 796 3381 Hominem
814 3346 854 3379 ao·
894 3328 1054 3379 reanimalia
1064 3336 1216 3393 probarunt
1227 3344 1351 3395 corpore:
1369 3332 1424 3381 rel·

326 3414 380 3462 luen
391 3415 490 3472 erecto,
500 3416 657 3459 ceterarero
669 3407 854 3469 animaliapro·
895 3410 937 3455 tur
950 3412 1036 3454 autern
1049 3404 1164 3468 adeoque
1180 3412 1301 3469 aspectus
1313 3412 1365 3455 tam
1376 3407 1423 3455 boe

327 3499 362 3534 no
381 3482 591 3533 vultuincedere
612 3481 734 3533 dixerunt
751 3481 855 3545 plurimi
894 3480 980 3543 minis,
1002 3495 1078 3545 quam
1108 3487 1253 3531 ceterorum
1276 3480 1423 3532 animalium

328 3566 381 3612 tam
391 3564 506 3606 craterae
517 3572 593 3621 qnam
604 3558 698 3621 poitur.
722 3556 855 3607 Audiriali
895 3554 999 3621 (saltem
1015 3556 1037 3605 ri
1054 3556 1200 3619 excipiatur
1219 3557 1296 3620 pircir
1313 3557 1366 3620 ille,
1379 3558 1423 3622 qui

327 3633 452 3695 Tralliuur,
466 3630 527 3681 audi
544 3631 667 3682 Ovidium
680 3633 698 3684 l.
710 3644 731 3682 r.
745 3633 854 3683 Metam.
894 3629 1063 3693 οὐρανοσκόπος
1072 3638 1190 3693 vocatur,
1205 3632 1274 3696 quod
1292 3632 1380 3682 oculor
1395 3632 1423 3682 in

327 3706 392 3756 Feb.
410 3710 435 3757 2.
468 3706 630 3769 ‘Pronaque
652 3721 710 3756 cunr
732 3712 855 3769 apectent
896 3718 1009 3769 auperna
1026 3706 1142 3769 corporis
1159 3713 1235 3771 parte
1251 3706 1359 3770 habens,
1371 3721 1422 3756 coe·

327 3781 449 3834 mmalia
466 3788 556 3829 cetera
576 3786 682 3843 terram,
701 3779 739 3831 Oa
760 3780 856 3830 bomini
895 3780 948 3829 lum
963 3781 1042 3829 veluti
1057 3782 1153 3831 invitae
1171 3782 1285 3847 rpcetet)
1297 3796 1348 3829 non
1361 3783 1422 3835 aub-

327 3855 438 3907 anblime
451 3854 688 3920 denir,coe1umque
700 3855 856 3907 videreJur·
895 3855 972 3919 limia,
980 3856 1025 3906 aed
1035 3857 1068 3907 ad
1086 3858 1244 3909 borimntem
1260 3859 1328 3923 plue,
1338 3859 1423 3909 minue

328 3933 405 3998 citet
413 3939 515 3982 erector
523 3929 649 3980 adridere
657 3931 747 3980 tollere
755 3928 857 3979 vultur.¹
896 3932 1071 3983 cardirectna:
1085 3933 1423 3985 nnbedirerrainomnibna

328 4008 381 4058 Hic
393 4006 697 4070 tameudirt'rnguendurn
706 4005 808 4054 ridetur
818 4005 856 4055 iu·
897 4004 1047 4058 animalibus
1058 4013 1110 4057 'ert
1128 4004 1226 4056 cerebri
1253 4007 1421 4059 constitutio:

328 4088 369 4132 ter
386 4082 462 4132 eitum
481 4081 606 4146 corporis,
624 4081 755 4144 ritumque
771 4078 856 4129 vultur
898 4080 968 4146 qnod
980 4079 1117 4133 discrimen
1128 4079 1232 4129 videtur
1246 4081 1289 4131 bic
1301 4082 1422 4133 observa·

329 4162 381 4205 tam
392 4156 507 4219 hominia,
517 4171 593 4220 quarn
604 4163 750 4205 ceterorum
761 4154 857 4204 anima·
897 4156 934 4205 ri:
951 4172 1001 4207 nou
1014 4158 1080 4208 enirn
1097 4155 1193 4217 dicitur
1208 4156 1306 4206 bertier
1318 4163 1424 4217 temam.

328 4231 406 4283 baur:
423 4247 483 4284 nara
495 4238 600 4282 erectus
616 4233 702 4295 borno,
712 4238 802 4281 cetera
813 4244 856 4280 re·
895 4232 1023 4284 bominem
1034 4246 1096 4283 vero
1105 4232 1197 4285 cuium
1208 4232 1339 4285 convertit
1347 4234 1421 4285 deor·
