3184 4959
349 418 413 485 576
486 431 639 483 coorcus
663 432 701 481 ιιι
727 431 914 481 uramara.
938 430 1060 482 narra.
1083 430 1302 499 nssnuvnrr.

350 583 480 662 partem
507 576 566 640 lib.
583 592 640 638 ιι.·
667 574 737 639 Sub
756 572 814 638 fin.
844 573 972 639 ‘Liber
998 582 1088 640 totus
1109 576 1188 641 olim
1213 577 1249 641 S.
1271 574 1435 643 Edmundi

351 679 392 742 de
418 678 654 764 procuratione
685 676 810 740 Fratris
843 674 981 742 Henrici
1010 675 1229 742 Kirlrestede!

392 779 489 844 151³.
513 794 567 841 ιιι.
598 776 734 841 Boiithii
757 777 800 841 de
823 772 960 842 Consol.
983 777 1178 862 Philosoph.
1204 779 1282 844 libri
1304 796 1339 842 ν.
1362 798 1438 844 cum

350 879 604 946 commentario:
627 893 797 942 saeoxrv.

391 981 463 1047 cc.
479 997 533 1043 ιιι.
556 978 630 1045 cod.
644 980 780 1043 membr.
795 998 874 1044 saec.
890 996 972 1044 ιιιν.
986 981 1041 1045 vel
1056 997 1123 1044 xv.
1149 981 1333 1058 continens,
1354 984 1439 1046 inter

350 1082 419 1147 ulia
446 1082 554 1146 multu
587 1079 785 1160 theologica,
819 1080 1062 1164 metaphysica,
1098 1089 1134 1146 et
1165 1082 1316 1165 politica,
1350 1102 1438 1147 ccm-

350 1182 548 1247 mentarinm
562 1181 596 1245 in
613 1179 803 1245 Boiithinm.

395 1283 435 1347 In
453 1280 605 1347 Biblioth.
622 1278 720 1345 Harl.
743 1280 813 1346 No.
827 1279 880 1345 43.
904 1280 980 1347 cod.
1004 1285 1123 1366 partim
1147 1284 1293 1349 chartac.
1318 1285 1439 1367 partim

349 1385 532 1451 membran.
556 1402 634 1449 saec.
662 1398 728 1445 xv.
750 1382 809 1464 qui
834 1382 982 1447 continet
1006 1382 1143 1449 Boethii
1166 1382 1439 1448 consolationem

352 1487 580 1570 Philosophiae
602 1484 743 1565 Anglice
767 1501 907 1548 versam.
951 1482 1097 1567 Margiui
1122 1484 1308 1571 adjungitur
1325 1491 1442 1550 textus

353 1589 505 1654 Latinus.

396 1690 441 1753 N.
456 1689 511 1754 44.
533 1684 606 1752 cod.
625 1686 807 1750 membran.
832 1674 1004 1749 continens
1019 1685 1155 1751 Bodthii
1168 1684 1440 1752 consolationem

352 1790 582 1875 Philosophiae
596 1788 736 1871 Anglice
755 1807 898 1853 versum.
943 1786 1033 1854 Haec
1055 1789 1165 1853 versio
1186 1788 1303 1852 eadem
1326 1794 1379 1853 est
1401 1809 1441 1854 ac

350 1891 555 1976 praecedens,
571 1890 644 1965 sed,
659 1896 699 1953 nt
713 1888 859 1966 ridetur,
874 1889 981 1971 magis
996 1889 1154 1971 quiddam
1169 1896 1336 1956 accurata.
1370 1890 1441 1955 Sul>

351 1993 408 2055 lin.
430 1990 612 2072 ‘Explicit
629 1991 712 2053 liber
731 1990 850 2053 Boecii
873 1989 916 2053 de
939 1989 1187 2055 consolacione
1202 1990 1440 2076 Philosophia,
1561 1982 1562 1985 ¹

351 2093 392 2155 de
406 2092 528 2155 lautino
542 2092 578 2154 in
592 2087 771 2172 Anglicum
785 2090 967 2153 translatus
981 2087 1026 2155 A.
1036 2091 1080 2157 D.
1095 2091 1190 2157 1410.
1211 2110 1271 2175 per
1285 2089 1442 2177 Capella·

350 2211 426 2257 num
440 2190 648 2256 iohannem?
1561 2246 1562 2279 ,

395 2292 442 2358 Ν.
455 2292 553 2359 2364
574 2293 648 2358 eod.
660 2292 808 2359 chartac.
824 2292 1009 2371 continens,
1030 2294 1114 2359 inter
1127 2292 1236 2358 multu
1250 2293 1328 2372 alia,
1351 2294 1442 2359 Boii-
1561 2280 1562 2305 ³

350 2395 413 2460 thii
428 2394 698 2460 Consolationem
713 2394 954 2477 Philosophiae.
999 2395 1119 2461 Libros
1146 2400 1211 2460 tres
1235 2395 1364 2478 priores
1392 2398 1442 2461 in-

352 2503 467 2579 tegros
489 2495 604 2574 hahet,
625 2496 747 2579 quihus
769 2493 958 2577 adjungitur
977 2515 1056 2579 pars
1085 2497 1163 2561 libri
1186 2498 1305 2581 quarti.
1362 2496 1442 2563 For·

352 2617 409 2662 rna
423 2597 531 2660 l2ma.

395 2697 443 2762 N.
457 2694 553 2759 2421.
576 2693 712 2758 Boiithii
725 2692 925 2760 consolatio
938 2696 1166 2782 Philosophiae
1179 2698 1318 2784 Anglice
1333 2720 1441 2766 versa.

352 2797 436 2862 cad.
449 2792 629 2859 membran.
646 2813 728 2859 saec.
744 2809 811 2856 xv.

395 2897 485 2962 Haec
511 2895 667 2961 collectio
697 2894 797 2958 Harl.
827 2897 914 2960 alios
944 2896 1120 2962 duodecim
1150 2900 1285 2964 codices
1311 2901 1442 2965 Bo‘ethii

263 3079 267 3081 ἡ
352 2998 594 3084 complectitur,
616 2996 699 3062 varii
713 2998 859 3061 nominis
874 3000 1043 3063 etaetatis.
1428 3060 1431 3067 ⁴

394 3102 484 3166 Inter
497 3099 633 3165 codices
651 3094 847 3162 Burneianus
869 3106 936 3163 tres
951 3106 1028 3164 snut
1042 3100 1177 3166 Bodthii
1194 3100 1443 3165 consolationis
1560 3166 1561 3177 ,

352 3200 596 3282 Philosophiae,
620 3198 737 3262 collati
766 3199 809 3264 ad
838 3202 980 3283 paginas
1007 3201 1162 3266 editionis
1183 3198 1392 3271 Basileensis
1410 3199 1443 3264 in
1560 3194 1561 3239 t

353 3296 485 3364 dnobus
500 3298 578 3362 voll.
594 3299 690 3361 1570.
1239 3306 1242 3315 ’

368 3448 371 3455 .
396 3398 486 3463 Inter
500 3398 633 3463 codices
654 3394 918 3462 Lansdannienres
932 3406 984 3465 est
1001 3400 1136 3465 Boiithii
1152 3399 1347 3466 Consolatio
1364 3402 1444 3465 Phi-

352 3502 517 3584 losophiae
526 3500 691 3581 eleganter
704 3501 830 3583 scripta
843 3500 876 3563 in
892 3502 1095 3579 membrana,
1111 3519 1192 3567 saec.
1209 3518 1275 3575 xv.
1319 3502 1445 3565 Leoms

355 3618 393 3664 x.
416 3602 524 3683 Papae
536 3601 680 3683 insignia
693 3602 840 3684 appicta.
866 3600 981 3668 Pretio
996 3602 1164 3667 redemtus
1180 3622 1225 3667 cx
1240 3602 1446 3667 bibliotheca

354 3700 496 3765 Antonii
510 3700 669 3780 Askeuii,
685 3702 734 3767 M.
747 3704 792 3769 D.
807 3704 903 3769 1785.

712 3850 835 3915 Codices
853 3846 1131 3935 Carrtalrrt'gienset.

397 3999 440 4064 I'n
468 3998 622 4063 Biblioth.
638 3996 737 4062 Pabl.
759 3998 817 4061 Dd
844 4016 896 4062 vr.
919 3998 951 4061 6.
974 3998 1049 4062 cod.
1071 3999 1251 4063 membran.
1271 3996 1342 4063 lto.
1367 4008 1445 4064 ante

259 4158 262 4162 .
355 4122 460 4165 annos
483 4121 668 4182 sexagenos
684 4100 839 4181 scriptus,
854 4099 966 4163 Anicii
980 4096 1100 4163 Manlii
1110 4098 1222 4163 Boetii
1238 4098 1445 4165 Exconsulis
1559 4094 1560 4155 ἐ

358 4200 524 4265 Ordinarii
546 4201 681 4265 Patricii
699 4200 741 4263 de
756 4200 998 4265 consolatione
1013 4199 1206 4282 Philosoph.
