<?xml version="1.0" encoding="UTF-8"?>
<!DOCTYPE html PUBLIC "-//W3C//DTD XHTML 1.0 Transitional//EN"
    "http://www.w3.org/TR/xhtml1/DTD/xhtml1-transitional.dtd">
<html xmlns="http://www.w3.org/1999/xhtml" xml:lang="en" lang="en">
 <head>
  <title>
</title>
<meta http-equiv="Content-Type" content="text/html;charset=utf-8" />
  <meta name='ocr-system' content='tesseract 3.04.00' />
  <meta name='ocr-capabilities' content='ocr_page ocr_carea ocr_par ocr_line ocrx_word'/>
</head>
<body>
  <div class='ocr_page' id='page_1' title='image "./deconsolationep00sciegoog_0182.png"; bbox 0 0 3184 4959; ppageno 0'>
   <div class='ocr_carea' id='block_1_1' title="bbox 308 404 1054 469">
    <p class='ocr_par' dir='ltr' id='par_1_1' title="bbox 308 404 1054 469">
     <span class='ocr_line' id='line_1_1' title="bbox 308 404 1054 469; baseline -0.007 0"><span class='ocrx_word' id='word_1_1' title='bbox 308 404 374 469; x_wconf 71' lang='lat' dir='ltr'><strong>oet</strong></span> <span class='ocrx_word' id='word_1_2' title='bbox 652 416 760 465; x_wconf 80' lang='lat' dir='ltr'><strong>uorn</strong></span> <span class='ocrx_word' id='word_1_3' title='bbox 786 416 989 466; x_wconf 80' lang='lat' dir='ltr'><strong>vaurouou</strong></span> <span class='ocrx_word' id='word_1_4' title='bbox 1013 418 1054 465; x_wconf 87' lang='lat' dir='ltr'><strong>ru</strong></span> 
     </span>
    </p>
   </div>
   <div class='ocr_carea' id='block_1_2' title="bbox 306 558 1404 1007">
    <p class='ocr_par' dir='ltr' id='par_1_2' title="bbox 308 558 1403 779">
     <span class='ocr_line' id='line_1_2' title="bbox 308 558 1402 625; baseline -0.005 -13"><span class='ocrx_word' id='word_1_5' title='bbox 308 576 455 625; x_wconf 77' lang='lat' dir='ltr'><strong>evagamur,</strong></span> <span class='ocrx_word' id='word_1_6' title='bbox 469 562 533 611; x_wconf 88' lang='lat' dir='ltr'><strong>etin</strong></span> <span class='ocrx_word' id='word_1_7' title='bbox 550 566 646 611; x_wconf 87' lang='lat' dir='ltr'><strong>terram</strong></span> <span class='ocrx_word' id='word_1_8' title='bbox 664 560 836 625; x_wconf 71' lang='lat' dir='ltr'><strong>projectione·</strong></span> <span class='ocrx_word' id='word_1_9' title='bbox 871 565 941 620; x_wconf 84' lang='lat' dir='ltr'><strong>tens,</strong></span> <span class='ocrx_word' id='word_1_10' title='bbox 958 560 1053 622; x_wconf 72' lang='lat' dir='ltr'><strong>ubique</strong></span> <span class='ocrx_word' id='word_1_11' title='bbox 1071 565 1123 621; x_wconf 82' lang='lat' dir='ltr'><strong>est,</strong></span> <span class='ocrx_word' id='word_1_12' title='bbox 1139 559 1274 622; x_wconf 78' lang='lat' dir='ltr'><strong>omniaque</strong></span> <span class='ocrx_word' id='word_1_13' title='bbox 1292 558 1402 607; x_wconf 87' lang='lat' dir='ltr'><strong>circum·</strong></span> 
     </span>
     <span class='ocr_line' id='line_1_3' title="bbox 308 625 1403 701; baseline -0.006 -13"><span class='ocrx_word' id='word_1_14' title='bbox 308 640 360 689; x_wconf 88' lang='lat' dir='ltr'><strong>lum</strong></span> <span class='ocrx_word' id='word_1_15' title='bbox 377 640 470 701; x_wconf 88' lang='lat' dir='ltr'><strong>ipsum,</strong></span> <span class='ocrx_word' id='word_1_16' title='bbox 481 646 508 685; x_wconf 84' lang='lat' dir='ltr'><strong>rt</strong></span> <span class='ocrx_word' id='word_1_17' title='bbox 520 640 577 701; x_wconf 86' lang='lat' dir='ltr'><strong>ipsa</strong></span> <span class='ocrx_word' id='word_1_18' title='bbox 588 637 674 686; x_wconf 84' lang='lat' dir='ltr'><strong>sidera</strong></span> <span class='ocrx_word' id='word_1_19' title='bbox 686 637 778 686; x_wconf 81' lang='lat' dir='ltr'><strong>artduci</strong></span> <span class='ocrx_word' id='word_1_20' title='bbox 791 653 834 687; x_wconf 91' lang='lat' dir='ltr'><strong>cu·</strong></span> <span class='ocrx_word' id='word_1_21' title='bbox 872 634 969 697; x_wconf 68' lang='lat' dir='ltr'><strong>spicit!</strong></span> <span class='ocrx_word' id='word_1_22' title='bbox 1002 635 1071 685; x_wconf 79' lang='lat' dir='ltr'><strong>Quin</strong></span> <span class='ocrx_word' id='word_1_23' title='bbox 1082 642 1111 683; x_wconf 94' lang='lat' dir='ltr'><strong>et</strong></span> <span class='ocrx_word' id='word_1_24' title='bbox 1120 625 1187 683; x_wconf 81' lang='lat' dir='ltr'><strong>sacri</strong></span> <span class='ocrx_word' id='word_1_25' title='bbox 1197 634 1303 688; x_wconf 83' lang='lat' dir='ltr'><strong>codices</strong></span> <span class='ocrx_word' id='word_1_26' title='bbox 1321 634 1348 682; x_wconf 90' lang='lat' dir='ltr'><strong>id</strong></span> <span class='ocrx_word' id='word_1_27' title='bbox 1368 632 1403 681; x_wconf 84' lang='lat' dir='ltr'><strong>af·</strong></span> 
     </span>
     <span class='ocr_line' id='line_1_4' title="bbox 308 710 1402 779; baseline -0.005 -16"><span class='ocrx_word' id='word_1_28' title='bbox 308 714 419 779; x_wconf 87' lang='lat' dir='ltr'><strong>piditate</strong></span> <span class='ocrx_word' id='word_1_29' title='bbox 437 714 724 776; x_wconf 79' lang='lat' dir='ltr'><strong>transcendimus,’&amp;c.</strong></span> <span class='ocrx_word' id='word_1_30' title='bbox 742 714 815 762; x_wconf 83' lang='lat' dir='ltr'><strong>Idem.</strong></span> <span class='ocrx_word' id='word_1_31' title='bbox 871 712 984 773; x_wconf 88' lang='lat' dir='ltr'><strong>tirmant,</strong></span> <span class='ocrx_word' id='word_1_32' title='bbox 1004 712 1088 760; x_wconf 67' lang='lat' dir='ltr'><strong>Esaia</strong></span> <span class='ocrx_word' id='word_1_33' title='bbox 1106 726 1165 774; x_wconf 91' lang='lat' dir='ltr'><strong>cap.</strong></span> <span class='ocrx_word' id='word_1_34' title='bbox 1183 724 1258 759; x_wconf 82' lang='lat' dir='ltr'><strong>nxvr.</strong></span> <span class='ocrx_word' id='word_1_35' title='bbox 1284 710 1402 759; x_wconf 84' lang='lat' dir='ltr'><strong>‘Coelurn</strong></span> 
     </span>
    </p>

    <p class='ocr_par' dir='ltr' id='par_1_3' title="bbox 306 786 1404 1007">
     <span class='ocr_line' id='line_1_5' title="bbox 340 786 1402 852; baseline -0.002 -13"><span class='ocrx_word' id='word_1_36' title='bbox 340 792 393 840; x_wconf 85' lang='lat' dir='ltr'><strong>Iler</strong></span> <span class='ocrx_word' id='word_1_37' title='bbox 400 791 475 851; x_wconf 75' lang='lat' dir='ltr'><strong>gelidi</strong></span> <span class='ocrx_word' id='word_1_38' title='bbox 483 790 558 852; x_wconf 82' lang='lat' dir='ltr'><strong>serris]</strong></span> <span class='ocrx_word' id='word_1_39' title='bbox 587 791 693 840; x_wconf 86' lang='lat' dir='ltr'><strong>Saturni</strong></span> <span class='ocrx_word' id='word_1_40' title='bbox 709 791 834 839; x_wconf 82' lang='lat' dir='ltr'><strong>Plannta·</strong></span> <span class='ocrx_word' id='word_1_41' title='bbox 870 790 946 838; x_wconf 85' lang='lat' dir='ltr'><strong>aedes</strong></span> <span class='ocrx_word' id='word_1_42' title='bbox 957 786 1042 838; x_wconf 74' lang='lat' dir='ltr'><strong>mear&#39;</strong></span> <span class='ocrx_word' id='word_1_43' title='bbox 1057 797 1085 837; x_wconf 89' lang='lat' dir='ltr'><strong>et</strong></span> <span class='ocrx_word' id='word_1_44' title='bbox 1097 790 1231 852; x_wconf 82' lang='lat' dir='ltr'><strong>prophetae</strong></span> <span class='ocrx_word' id='word_1_45' title='bbox 1245 789 1314 850; x_wconf 82' lang='lat' dir='ltr'><strong>regia</strong></span> <span class='ocrx_word' id='word_1_46' title='bbox 1333 790 1402 851; x_wconf 86' lang='lat' dir='ltr'><strong>psal.</strong></span> 
     </span>
     <span class='ocr_line' id='line_1_6' title="bbox 306 865 1403 930; baseline -0.005 -14"><span class='ocrx_word' id='word_1_47' title='bbox 306 882 363 917; x_wconf 87' lang='lat' dir='ltr'><strong>rum</strong></span> <span class='ocrx_word' id='word_1_48' title='bbox 374 866 634 930; x_wconf 72' lang='lat' dir='ltr'><strong>summu-virgilius:</strong></span> <span class='ocrx_word' id='word_1_49' title='bbox 652 865 775 927; x_wconf 78' lang='lat' dir='ltr'><strong>‘Frigida</strong></span> <span class='ocrx_word' id='word_1_50' title='bbox 787 866 833 914; x_wconf 85' lang='lat' dir='ltr'><strong>Se·</strong></span> <span class='ocrx_word' id='word_1_51' title='bbox 870 878 985 914; x_wconf 83' lang='lat' dir='ltr'><strong>cxnvur.</strong></span> <span class='ocrx_word' id='word_1_52' title='bbox 1006 865 1141 914; x_wconf 82' lang='lat' dir='ltr'><strong>‘Laudate</strong></span> <span class='ocrx_word' id='word_1_53' title='bbox 1163 878 1222 913; x_wconf 83' lang='lat' dir='ltr'><strong>eurn</strong></span> <span class='ocrx_word' id='word_1_54' title='bbox 1242 865 1299 913; x_wconf 80' lang='lat' dir='ltr'><strong>culi</strong></span> <span class='ocrx_word' id='word_1_55' title='bbox 1322 866 1403 913; x_wconf 74' lang='lat' dir='ltr'><strong>caelo·</strong></span> 
     </span>
     <span class='ocr_line' id='line_1_7' title="bbox 306 940 1404 1007; baseline -0.004 -14"><span class='ocrx_word' id='word_1_56' title='bbox 306 942 376 993; x_wconf 87' lang='lat' dir='ltr'><strong>turni</strong></span> <span class='ocrx_word' id='word_1_57' title='bbox 392 957 450 993; x_wconf 80' lang='lat' dir='ltr'><strong>sese</strong></span> <span class='ocrx_word' id='word_1_58' title='bbox 461 957 512 1007; x_wconf 87' lang='lat' dir='ltr'><strong>quo</strong></span> <span class='ocrx_word' id='word_1_59' title='bbox 526 942 602 991; x_wconf 87' lang='lat' dir='ltr'><strong>stella</strong></span> <span class='ocrx_word' id='word_1_60' title='bbox 619 940 755 1005; x_wconf 84' lang='lat' dir='ltr'><strong>receptet.&#39;</strong></span> <span class='ocrx_word' id='word_1_61' title='bbox 771 942 834 989; x_wconf 86' lang='lat' dir='ltr'><strong>Ber·</strong></span> <span class='ocrx_word' id='word_1_62' title='bbox 870 942 946 991; x_wconf 88' lang='lat' dir='ltr'><strong>rnm.&#39;</strong></span> <span class='ocrx_word' id='word_1_63' title='bbox 962 949 990 990; x_wconf 87' lang='lat' dir='ltr'><strong>et</strong></span> <span class='ocrx_word' id='word_1_64' title='bbox 1006 950 1074 1005; x_wconf 82' lang='lat' dir='ltr'><strong>post,</strong></span> <span class='ocrx_word' id='word_1_65' title='bbox 1093 941 1265 1003; x_wconf 60' lang='lat' dir='ltr'><strong>‘confessio’</strong></span> <span class='ocrx_word' id='word_1_66' title='bbox 1283 957 1329 991; x_wconf 88' lang='lat' dir='ltr'><strong>seu</strong></span> <span class='ocrx_word' id='word_1_67' title='bbox 1347 944 1404 1005; x_wconf 77' lang='lat' dir='ltr'><strong>glo-</strong></span> 
     </span>
    </p>
   </div>
   <div class='ocr_carea' id='block_1_3' title="bbox 237 1016 1405 1080">
    <p class='ocr_par' dir='ltr' id='par_1_4' title="bbox 237 1016 1405 1080">
     <span class='ocr_line' id='line_1_8' title="bbox 237 1016 1405 1080; baseline -0.003 -11"><span class='ocrx_word' id='word_1_68' title='bbox 237 1022 242 1029; x_wconf 84' lang='grc'><strong>“</strong></span> <span class='ocrx_word' id='word_1_69' title='bbox 307 1024 372 1070; x_wconf 68' lang='lat' dir='ltr'><strong>nard.</strong></span> <span class='ocrx_word' id='word_1_70' title='bbox 871 1016 919 1078; x_wconf 87' lang='lat' dir='ltr'><strong>ria,</strong></span> <span class='ocrx_word' id='word_1_71' title='bbox 937 1017 1011 1080; x_wconf 82' lang='lat' dir='ltr'><strong>‘ejus</strong></span> <span class='ocrx_word' id='word_1_72' title='bbox 1030 1031 1109 1079; x_wconf 87' lang='lat' dir='ltr'><strong>super</strong></span> <span class='ocrx_word' id='word_1_73' title='bbox 1128 1019 1220 1066; x_wconf 82' lang='lat' dir='ltr'><strong>eoelnm</strong></span> <span class='ocrx_word' id='word_1_74' title='bbox 1240 1023 1268 1066; x_wconf 84' lang='lat' dir='ltr'><strong>et</strong></span> <span class='ocrx_word' id='word_1_75' title='bbox 1286 1018 1405 1067; x_wconf 65' lang='lat' dir='ltr'><strong>terram!</strong></span> 
     </span>
    </p>
   </div>
   <div class='ocr_carea' id='block_1_4' title="bbox 249 1092 1408 4358">
    <p class='ocr_par' dir='ltr' id='par_1_5' title="bbox 305 1092 1405 1691">
     <span class='ocr_line' id='line_1_9' title="bbox 349 1092 1403 1158; baseline 0 -15"><span class='ocrx_word' id='word_1_76' title='bbox 349 1094 431 1145; x_wconf 81' lang='lat' dir='ltr'><strong>Gelidi</strong></span> <span class='ocrx_word' id='word_1_77' title='bbox 456 1092 529 1156; x_wconf 74' lang='lat' dir='ltr'><strong>mis]</strong></span> <span class='ocrx_word' id='word_1_78' title='bbox 569 1092 681 1143; x_wconf 83' lang='lat' dir='ltr'><strong>Saturni.</strong></span> <span class='ocrx_word' id='word_1_79' title='bbox 709 1094 833 1143; x_wconf 86' lang='lat' dir='ltr'><strong>Martian.</strong></span> <span class='ocrx_word' id='word_1_80' title='bbox 871 1093 944 1143; x_wconf 79' lang='lat' dir='ltr'><strong>Quos</strong></span> <span class='ocrx_word' id='word_1_81' title='bbox 963 1093 1042 1142; x_wconf 83' lang='lat' dir='ltr'><strong>coelos</strong></span> <span class='ocrx_word' id='word_1_82' title='bbox 1059 1094 1183 1141; x_wconf 86' lang='lat' dir='ltr'><strong>coelorum</strong></span> <span class='ocrx_word' id='word_1_83' title='bbox 1197 1094 1403 1158; x_wconf 78' lang='lat' dir='ltr'><strong>B.Augnstinus</strong></span> 
     </span>
     <span class='ocr_line' id='line_1_10' title="bbox 308 1168 1405 1235; baseline -0.001 -14"><span class='ocrx_word' id='word_1_84' title='bbox 308 1172 423 1235; x_wconf 86' lang='lat' dir='ltr'><strong>Capella,</strong></span> <span class='ocrx_word' id='word_1_85' title='bbox 447 1170 512 1219; x_wconf 90' lang='lat' dir='ltr'><strong>libro</strong></span> <span class='ocrx_word' id='word_1_86' title='bbox 539 1183 573 1219; x_wconf 92' lang='grc' dir='ltr'><strong>ιι.</strong></span> <span class='ocrx_word' id='word_1_87' title='bbox 595 1171 638 1218; x_wconf 89' lang='lat' dir='ltr'><strong>De</strong></span> <span class='ocrx_word' id='word_1_88' title='bbox 661 1170 744 1232; x_wconf 82' lang='lat' dir='ltr'><strong>Nupt.</strong></span> <span class='ocrx_word' id='word_1_89' title='bbox 765 1170 834 1219; x_wconf 88' lang='lat' dir='ltr'><strong>Plril.</strong></span> <span class='ocrx_word' id='word_1_90' title='bbox 871 1180 930 1217; x_wconf 89' lang='lat' dir='ltr'><strong>curn</strong></span> <span class='ocrx_word' id='word_1_91' title='bbox 948 1168 1092 1217; x_wconf 73' lang='lat' dir='ltr'><strong>Platonicis</strong></span> <span class='ocrx_word' id='word_1_92' title='bbox 1110 1169 1303 1219; x_wconf 73' lang='lat' dir='ltr'><strong>intellectuales</strong></span> <span class='ocrx_word' id='word_1_93' title='bbox 1324 1179 1405 1221; x_wconf 87' lang='lat' dir='ltr'><strong>vocat</strong></span> 
     </span>
     <span class='ocr_line' id='line_1_11' title="bbox 306 1241 1403 1309; baseline 0 -14"><span class='ocrx_word' id='word_1_94' title='bbox 306 1246 484 1295; x_wconf 81' lang='lat' dir='ltr'><strong>‘Huneetiam</strong></span> <span class='ocrx_word' id='word_1_95' title='bbox 495 1246 835 1309; x_wconf 69' lang='lat' dir='ltr'><strong>pretergressueoirculum,</strong></span> <span class='ocrx_word' id='word_1_96' title='bbox 871 1241 916 1292; x_wconf 86' lang='lat' dir='ltr'><strong>lib.</strong></span> <span class='ocrx_word' id='word_1_97' title='bbox 934 1255 987 1291; x_wconf 75' lang='grc' dir='ltr'><strong>ιιι.</strong></span> <span class='ocrx_word' id='word_1_98' title='bbox 1005 1242 1121 1293; x_wconf 82' lang='lat' dir='ltr'><strong>confess.</strong></span> <span class='ocrx_word' id='word_1_99' title='bbox 1140 1258 1198 1307; x_wconf 84' lang='lat' dir='ltr'><strong>cap.</strong></span> <span class='ocrx_word' id='word_1_100' title='bbox 1213 1248 1238 1294; x_wconf 79' lang='lat'><strong>9.</strong></span> <span class='ocrx_word' id='word_1_101' title='bbox 1255 1245 1403 1295; x_wconf 78' lang='lat' dir='ltr'><strong>‘Nimirum</strong></span> 
     </span>
     <span class='ocr_line' id='line_1_12' title="bbox 306 1317 1404 1387; baseline -0.003 -16"><span class='ocrx_word' id='word_1_102' title='bbox 306 1335 338 1373; x_wconf 78' lang='lat' dir='ltr'><strong>ac</strong></span> <span class='ocrx_word' id='word_1_103' title='bbox 350 1321 424 1385; x_wconf 89' lang='lat' dir='ltr'><strong>parili</strong></span> <span class='ocrx_word' id='word_1_104' title='bbox 436 1321 618 1387; x_wconf 71' lang='lat' dir='ltr'><strong>interjectione</strong></span> <span class='ocrx_word' id='word_1_105' title='bbox 628 1321 753 1383; x_wconf 82' lang='lat' dir='ltr'><strong>sublimis,</strong></span> <span class='ocrx_word' id='word_1_106' title='bbox 764 1323 835 1371; x_wconf 89' lang='lat' dir='ltr'><strong>Deo·</strong></span> <span class='ocrx_word' id='word_1_107' title='bbox 872 1317 958 1376; x_wconf 85' lang='lat' dir='ltr'><strong>euim‚&#39;</strong></span> <span class='ocrx_word' id='word_1_108' title='bbox 979 1318 1026 1380; x_wconf 87' lang='lat' dir='ltr'><strong>ait,</strong></span> <span class='ocrx_word' id='word_1_109' title='bbox 1046 1320 1157 1368; x_wconf 79' lang='lat' dir='ltr'><strong>‘cretum</strong></span> <span class='ocrx_word' id='word_1_110' title='bbox 1185 1319 1255 1381; x_wconf 80' lang='lat' dir='ltr'><strong>orell,</strong></span> <span class='ocrx_word' id='word_1_111' title='bbox 1279 1322 1349 1385; x_wconf 88' lang='lat' dir='ltr'><strong>quod</strong></span> <span class='ocrx_word' id='word_1_112' title='bbox 1376 1322 1404 1370; x_wconf 87' lang='lat' dir='ltr'><strong>in</strong></span> 
     </span>
     <span class='ocr_line' id='line_1_13' title="bbox 307 1392 1405 1463; baseline -0.001 -16"><span class='ocrx_word' id='word_1_113' title='bbox 307 1414 363 1449; x_wconf 80' lang='lat' dir='ltr'><strong>rum</strong></span> <span class='ocrx_word' id='word_1_114' title='bbox 375 1398 556 1461; x_wconf 75' lang='lat' dir='ltr'><strong>rigidissimum</strong></span> <span class='ocrx_word' id='word_1_115' title='bbox 573 1406 716 1449; x_wconf 82' lang='lat' dir='ltr'><strong>creatorem</strong></span> <span class='ocrx_word' id='word_1_116' title='bbox 732 1400 757 1447; x_wconf 89' lang='lat' dir='ltr'><strong>in</strong></span> <span class='ocrx_word' id='word_1_117' title='bbox 770 1399 835 1461; x_wconf 80' lang='lat' dir='ltr'><strong>algi-</strong></span> <span class='ocrx_word' id='word_1_118' title='bbox 872 1393 999 1457; x_wconf 88' lang='lat' dir='ltr'><strong>principio</strong></span> <span class='ocrx_word' id='word_1_119' title='bbox 1011 1392 1108 1456; x_wconf 78' lang='lat' dir='ltr'><strong>fecisti,</strong></span> <span class='ocrx_word' id='word_1_120' title='bbox 1125 1402 1247 1445; x_wconf 77' lang='lat' dir='ltr'><strong>creatore</strong></span> <span class='ocrx_word' id='word_1_121' title='bbox 1258 1404 1299 1446; x_wconf 87' lang='lat' dir='ltr'><strong>est</strong></span> <span class='ocrx_word' id='word_1_122' title='bbox 1317 1398 1405 1463; x_wconf 86' lang='lat' dir='ltr'><strong>aliqua</strong></span> 
     </span>
     <span class='ocr_line' id='line_1_14' title="bbox 306 1468 1404 1542; baseline -0.001 -18"><span class='ocrx_word' id='word_1_123' title='bbox 306 1476 340 1525; x_wconf 93' lang='lat' dir='ltr'><strong>do</strong></span> <span class='ocrx_word' id='word_1_124' title='bbox 361 1477 511 1537; x_wconf 73' lang='lat' dir='ltr'><strong>herentem,</strong></span> <span class='ocrx_word' id='word_1_125' title='bbox 536 1474 686 1539; x_wconf 79' lang='lat' dir='ltr'><strong>pruinisque</strong></span> <span class='ocrx_word' id='word_1_126' title='bbox 707 1476 835 1523; x_wconf 79' lang='lat' dir='ltr'><strong>nivalibus</strong></span> <span class='ocrx_word' id='word_1_127' title='bbox 870 1468 1404 1542; x_wconf 76' lang='lat' dir='ltr'><strong>intellectualia:quamquumuequaquam</strong></span> 
     </span>
     <span class='ocr_line' id='line_1_15' title="bbox 306 1548 1405 1616; baseline 0 -15"><span class='ocrx_word' id='word_1_128' title='bbox 306 1550 490 1614; x_wconf 61' lang='lat' dir='ltr'><strong>conspicatur?</strong></span> <span class='ocrx_word' id='word_1_129' title='bbox 535 1550 578 1599; x_wconf 86' lang='lat' dir='ltr'><strong>lta</strong></span> <span class='ocrx_word' id='word_1_130' title='bbox 605 1550 632 1599; x_wconf 89' lang='lat' dir='ltr'><strong>in</strong></span> <span class='ocrx_word' id='word_1_131' title='bbox 654 1550 719 1601; x_wconf 85' lang='lat' dir='ltr'><strong>meis</strong></span> <span class='ocrx_word' id='word_1_132' title='bbox 740 1550 835 1615; x_wconf 84' lang='lat' dir='ltr'><strong>legitur</strong></span> <span class='ocrx_word' id='word_1_133' title='bbox 872 1548 920 1597; x_wconf 82' lang='lat' dir='ltr'><strong>tibi</strong></span> <span class='ocrx_word' id='word_1_134' title='bbox 951 1550 1073 1600; x_wconf 86' lang='lat' dir='ltr'><strong>Trinitati</strong></span> <span class='ocrx_word' id='word_1_135' title='bbox 1098 1558 1242 1601; x_wconf 80' lang='lat' dir='ltr'><strong>coaeterna:</strong></span> <span class='ocrx_word' id='word_1_136' title='bbox 1271 1553 1405 1616; x_wconf 74' lang='lat' dir='ltr'><strong>particeps</strong></span> 
     </span>
     <span class='ocr_line' id='line_1_16' title="bbox 305 1624 1405 1691; baseline 0.005 -18"><span class='ocrx_word' id='word_1_137' title='bbox 305 1625 470 1675; x_wconf 83' lang='lat' dir='ltr'><strong>membranis.</strong></span> <span class='ocrx_word' id='word_1_138' title='bbox 493 1624 577 1675; x_wconf 81' lang='lat' dir='ltr'><strong>Sitzus.</strong></span> <span class='ocrx_word' id='word_1_139' title='bbox 872 1630 959 1672; x_wconf 84' lang='lat' dir='ltr'><strong>tamen</strong></span> <span class='ocrx_word' id='word_1_140' title='bbox 970 1626 1127 1674; x_wconf 79' lang='lat' dir='ltr'><strong>aeternitatis</strong></span> <span class='ocrx_word' id='word_1_141' title='bbox 1139 1626 1211 1675; x_wconf 72' lang='lat' dir='ltr'><strong>tnau&#39;</strong></span> <span class='ocrx_word' id='word_1_142' title='bbox 1243 1627 1280 1675; x_wconf 79' lang='lat' dir='ltr'><strong>Et</strong></span> <span class='ocrx_word' id='word_1_143' title='bbox 1290 1642 1349 1691; x_wconf 87' lang='lat' dir='ltr'><strong>cap.</strong></span> <span class='ocrx_word' id='word_1_144' title='bbox 1362 1632 1405 1678; x_wconf 88' lang='lat'><strong>11.</strong></span> 
     </span>
    </p>

    <p class='ocr_par' dir='ltr' id='par_1_6' title="bbox 306 1692 1407 2299">
     <span class='ocr_line' id='line_1_17' title="bbox 340 1692 1405 1766; baseline 0.005 -17"><span class='ocrx_word' id='word_1_145' title='bbox 340 1702 438 1750; x_wconf 76' lang='lat' dir='ltr'><strong>Comaei</strong></span> <span class='ocrx_word' id='word_1_146' title='bbox 455 1700 552 1763; x_wconf 82' lang='lat' dir='ltr'><strong>sideris]</strong></span> <span class='ocrx_word' id='word_1_147' title='bbox 577 1702 691 1752; x_wconf 86' lang='lat' dir='ltr'><strong>Martem</strong></span> <span class='ocrx_word' id='word_1_148' title='bbox 704 1702 837 1766; x_wconf 75' lang='lat' dir='ltr'><strong>iutelligit,</strong></span> <span class='ocrx_word' id='word_1_149' title='bbox 873 1700 1016 1764; x_wconf 85' lang='lat' dir='ltr'><strong>‘Obeata,</strong></span> <span class='ocrx_word' id='word_1_150' title='bbox 1032 1692 1236 1765; x_wconf 79' lang='lat' dir='ltr'><strong>siqnaistaest,</strong></span> <span class='ocrx_word' id='word_1_151' title='bbox 1251 1704 1405 1754; x_wconf 80' lang='lat' dir='ltr'><strong>inlraerendo</strong></span> 
     </span>
     <span class='ocr_line' id='line_1_18' title="bbox 307 1776 1407 1845; baseline -0.001 -15"><span class='ocrx_word' id='word_1_152' title='bbox 307 1780 340 1829; x_wconf 89' lang='lat' dir='ltr'><strong>de</strong></span> <span class='ocrx_word' id='word_1_153' title='bbox 359 1793 410 1845; x_wconf 92' lang='lat' dir='ltr'><strong>quo</strong></span> <span class='ocrx_word' id='word_1_154' title='bbox 421 1779 547 1843; x_wconf 82' lang='lat' dir='ltr'><strong>Apuleius</strong></span> <span class='ocrx_word' id='word_1_155' title='bbox 562 1780 596 1829; x_wconf 88' lang='lat' dir='ltr'><strong>de</strong></span> <span class='ocrx_word' id='word_1_156' title='bbox 613 1781 727 1831; x_wconf 85' lang='lat' dir='ltr'><strong>Mundo:</strong></span> <span class='ocrx_word' id='word_1_157' title='bbox 746 1782 836 1831; x_wconf 79' lang='lat' dir='ltr'><strong>‘Loco</strong></span> <span class='ocrx_word' id='word_1_158' title='bbox 873 1776 1029 1826; x_wconf 77' lang='lat' dir='ltr'><strong>beatitudini</strong></span> <span class='ocrx_word' id='word_1_159' title='bbox 1051 1784 1119 1841; x_wconf 77' lang='lat' dir='ltr'><strong>tuse;</strong></span> <span class='ocrx_word' id='word_1_160' title='bbox 1144 1778 1231 1840; x_wconf 86' lang='lat' dir='ltr'><strong>beata,</strong></span> <span class='ocrx_word' id='word_1_161' title='bbox 1246 1782 1407 1844; x_wconf 84' lang='lat' dir='ltr'><strong>sempiterno</strong></span> 
     </span>
     <span class='ocr_line' id='line_1_19' title="bbox 306 1852 1405 1922; baseline -0.002 -15"><span class='ocrx_word' id='word_1_162' title='bbox 306 1858 386 1908; x_wconf 87' lang='lat' dir='ltr'><strong>tertio</strong></span> <span class='ocrx_word' id='word_1_163' title='bbox 399 1859 522 1922; x_wconf 77' lang='lat' dir='ltr'><strong>Pyroeis3</strong></span> <span class='ocrx_word' id='word_1_164' title='bbox 533 1872 609 1921; x_wconf 92' lang='lat' dir='ltr'><strong>quem</strong></span> <span class='ocrx_word' id='word_1_165' title='bbox 622 1858 695 1906; x_wconf 88' lang='lat' dir='ltr'><strong>multi</strong></span> <span class='ocrx_word' id='word_1_166' title='bbox 706 1858 837 1920; x_wconf 85' lang='lat' dir='ltr'><strong>Herculis,</strong></span> <span class='ocrx_word' id='word_1_167' title='bbox 871 1852 1046 1903; x_wconf 78' lang='lat' dir='ltr'><strong>inhabitatore</strong></span> <span class='ocrx_word' id='word_1_168' title='bbox 1059 1862 1084 1903; x_wconf 90' lang='lat' dir='ltr'><strong>te</strong></span> <span class='ocrx_word' id='word_1_169' title='bbox 1094 1861 1171 1919; x_wconf 84' lang='lat' dir='ltr'><strong>atque</strong></span> <span class='ocrx_word' id='word_1_170' title='bbox 1179 1855 1338 1906; x_wconf 83' lang='lat' dir='ltr'><strong>illustratore</strong></span> <span class='ocrx_word' id='word_1_171' title='bbox 1349 1873 1405 1907; x_wconf 90' lang='lat' dir='ltr'><strong>suo.</strong></span> 
     </span>
     <span class='ocr_line' id='line_1_20' title="bbox 306 1929 1407 1997; baseline -0.002 -14"><span class='ocrx_word' id='word_1_172' title='bbox 306 1935 394 1997; x_wconf 84' lang='lat' dir='ltr'><strong>plures</strong></span> <span class='ocrx_word' id='word_1_173' title='bbox 417 1933 512 1982; x_wconf 85' lang='lat' dir='ltr'><strong>Martia</strong></span> <span class='ocrx_word' id='word_1_174' title='bbox 530 1934 631 1982; x_wconf 83' lang='lat' dir='ltr'><strong>stellam</strong></span> <span class='ocrx_word' id='word_1_175' title='bbox 657 1933 768 1981; x_wconf 73' lang='lat' dir='ltr'><strong>vocant!</strong></span> <span class='ocrx_word' id='word_1_176' title='bbox 800 1936 836 1983; x_wconf 84' lang='lat' dir='ltr'><strong>Et</strong></span> <span class='ocrx_word' id='word_1_177' title='bbox 873 1929 931 1977; x_wconf 86' lang='lat' dir='ltr'><strong>Nec</strong></span> <span class='ocrx_word' id='word_1_178' title='bbox 953 1930 1066 1992; x_wconf 86' lang='lat' dir='ltr'><strong>invenio,</strong></span> <span class='ocrx_word' id='word_1_179' title='bbox 1089 1931 1150 1995; x_wconf 89' lang='lat' dir='ltr'><strong>qnid</strong></span> <span class='ocrx_word' id='word_1_180' title='bbox 1172 1931 1294 1980; x_wconf 82' lang='lat' dir='ltr'><strong>libentius</strong></span> <span class='ocrx_word' id='word_1_181' title='bbox 1313 1934 1407 1995; x_wconf 82' lang='lat' dir='ltr'><strong>appel·</strong></span> 
     </span>
     <span class='ocr_line' id='line_1_21' title="bbox 308 2004 1406 2071; baseline -0.002 -12"><span class='ocrx_word' id='word_1_182' title='bbox 308 2009 452 2059; x_wconf 78' lang='lat' dir='ltr'><strong>Cassiodor.</strong></span> <span class='ocrx_word' id='word_1_183' title='bbox 464 2023 494 2057; x_wconf 89' lang='grc' dir='ltr'><strong>ιι.</strong></span> <span class='ocrx_word' id='word_1_184' title='bbox 505 2010 566 2059; x_wconf 88' lang='lat' dir='ltr'><strong>Var.</strong></span> <span class='ocrx_word' id='word_1_185' title='bbox 577 2009 659 2071; x_wconf 88' lang='lat' dir='ltr'><strong>Epist.</strong></span> <span class='ocrx_word' id='word_1_186' title='bbox 671 2013 711 2057; x_wconf 78' lang='lat'><strong>36.</strong></span> <span class='ocrx_word' id='word_1_187' title='bbox 721 2010 729 2037; x_wconf 88' lang='lat'>‘</span> <span class='ocrx_word' id='word_1_188' title='bbox 738 2009 835 2058; x_wconf 81' lang='lat' dir='ltr'><strong>Martis</strong></span> <span class='ocrx_word' id='word_1_189' title='bbox 871 2004 976 2053; x_wconf 83' lang='lat' dir='ltr'><strong>landum</strong></span> <span class='ocrx_word' id='word_1_190' title='bbox 987 2006 1132 2055; x_wconf 71' lang='lat' dir='ltr'><strong>existimem</strong></span> <span class='ocrx_word' id='word_1_191' title='bbox 1144 2008 1237 2055; x_wconf 83' lang='lat' dir='ltr'><strong>coeluru</strong></span> <span class='ocrx_word' id='word_1_192' title='bbox 1253 2009 1310 2056; x_wconf 80' lang='lat' dir='ltr'><strong>coeli</strong></span> <span class='ocrx_word' id='word_1_193' title='bbox 1323 2010 1406 2061; x_wconf 84' lang='lat' dir='ltr'><strong>domi·</strong></span> 
     </span>
     <span class='ocr_line' id='line_1_22' title="bbox 306 2083 1407 2148; baseline 0.006 -22"><span class='ocrx_word' id='word_1_194' title='bbox 306 2084 377 2134; x_wconf 67' lang='lat' dir='ltr'><strong>sidua</strong></span> <span class='ocrx_word' id='word_1_195' title='bbox 388 2086 464 2147; x_wconf 77' lang='lat' dir='ltr'><strong>ignea</strong></span> <span class='ocrx_word' id='word_1_196' title='bbox 478 2085 613 2134; x_wconf 73' lang='lat' dir='ltr'><strong>celeritate</strong></span> <span class='ocrx_word' id='word_1_197' title='bbox 630 2091 770 2148; x_wconf 74' lang='lat' dir='ltr'><strong>raptatum,</strong></span> <span class='ocrx_word' id='word_1_198' title='bbox 790 2086 835 2135; x_wconf 76' lang='lat' dir='ltr'><strong>de.</strong></span> <span class='ocrx_word' id='word_1_199' title='bbox 871 2094 915 2142; x_wconf 83' lang='lat' dir='ltr'><strong>no,</strong></span> <span class='ocrx_word' id='word_1_200' title='bbox 932 2097 1007 2144; x_wconf 76' lang='lat' dir='ltr'><strong>qttaltt</strong></span> <span class='ocrx_word' id='word_1_201' title='bbox 1020 2083 1122 2131; x_wconf 84' lang='lat' dir='ltr'><strong>domum</strong></span> <span class='ocrx_word' id='word_1_202' title='bbox 1138 2090 1209 2132; x_wconf 64' lang='lat' dir='ltr'><strong>illim</strong></span> <span class='ocrx_word' id='word_1_203' title='bbox 1227 2086 1407 2148; x_wconf 72' lang='lat' dir='ltr'><strong>contemplati·</strong></span> 
     </span>
     <span class='ocr_line' id='line_1_23' title="bbox 306 2158 1406 2225; baseline 0.001 -14"><span class='ocrx_word' id='word_1_204' title='bbox 306 2176 361 2211; x_wconf 88' lang='lat' dir='ltr'><strong>cem</strong></span> <span class='ocrx_word' id='word_1_205' title='bbox 374 2169 402 2211; x_wconf 88' lang='lat' dir='ltr'><strong>et</strong></span> <span class='ocrx_word' id='word_1_206' title='bbox 417 2168 478 2211; x_wconf 87' lang='lat' dir='ltr'><strong>octo</strong></span> <span class='ocrx_word' id='word_1_207' title='bbox 494 2160 625 2211; x_wconf 86' lang='lat' dir='ltr'><strong>mensibus</strong></span> <span class='ocrx_word' id='word_1_208' title='bbox 643 2161 769 2225; x_wconf 86' lang='lat' dir='ltr'><strong>deputata</strong></span> <span class='ocrx_word' id='word_1_209' title='bbox 785 2163 835 2212; x_wconf 87' lang='lat' dir='ltr'><strong>sibi</strong></span> <span class='ocrx_word' id='word_1_210' title='bbox 872 2164 925 2207; x_wconf 88' lang='lat' dir='ltr'><strong>tem</strong></span> <span class='ocrx_word' id='word_1_211' title='bbox 936 2158 1135 2208; x_wconf 82' lang='lat' dir='ltr'><strong>delectationem</strong></span> <span class='ocrx_word' id='word_1_212' title='bbox 1147 2168 1216 2210; x_wconf 87' lang='lat' dir='ltr'><strong>tuam</strong></span> <span class='ocrx_word' id='word_1_213' title='bbox 1227 2162 1282 2211; x_wconf 82' lang='lat' dir='ltr'><strong>sine</strong></span> <span class='ocrx_word' id='word_1_214' title='bbox 1293 2163 1347 2211; x_wconf 91' lang='lat' dir='ltr'><strong>ullo</strong></span> <span class='ocrx_word' id='word_1_215' title='bbox 1358 2164 1406 2212; x_wconf 86' lang='lat' dir='ltr'><strong>de·</strong></span> 
     </span>
     <span class='ocr_line' id='line_1_24' title="bbox 306 2233 1405 2299; baseline 0.001 -12"><span class='ocrx_word' id='word_1_216' title='bbox 306 2238 445 2287; x_wconf 64' lang='lat' dir='ltr'><strong>discuntur</strong></span> <span class='ocrx_word' id='word_1_217' title='bbox 462 2238 538 2290; x_wconf 86' lang='lat' dir='ltr'><strong>Idem.</strong></span> <span class='ocrx_word' id='word_1_218' title='bbox 871 2233 943 2283; x_wconf 84' lang='lat' dir='ltr'><strong>fectu</strong></span> <span class='ocrx_word' id='word_1_219' title='bbox 963 2236 1117 2299; x_wconf 74' lang='lat' dir='ltr'><strong>egrediendi</strong></span> <span class='ocrx_word' id='word_1_220' title='bbox 1139 2237 1165 2285; x_wconf 94' lang='lat' dir='ltr'><strong>in</strong></span> <span class='ocrx_word' id='word_1_221' title='bbox 1186 2238 1271 2298; x_wconf 80' lang='lat' dir='ltr'><strong>aliud3</strong></span> <span class='ocrx_word' id='word_1_222' title='bbox 1289 2244 1405 2288; x_wconf 85' lang='lat' dir='ltr'><strong>mentem</strong></span> 
     </span>
    </p>

    <p class='ocr_par' dir='ltr' id='par_1_7' title="bbox 306 2313 1407 2525">
     <span class='ocr_line' id='line_1_25' title="bbox 343 2313 1407 2377; baseline -0.001 -13"><span class='ocrx_word' id='word_1_223' title='bbox 343 2314 734 2377; x_wconf 77' lang='lat' dir='ltr'><strong>Ulijomexltouslisuerilsulis]</strong></span> <span class='ocrx_word' id='word_1_224' title='bbox 751 2315 836 2364; x_wconf 71' lang='lat' dir='ltr'><strong>Polite</strong></span> <span class='ocrx_word' id='word_1_225' title='bbox 872 2327 962 2375; x_wconf 78' lang='lat' dir='ltr'><strong>pinam</strong></span> <span class='ocrx_word' id='word_1_226' title='bbox 984 2313 1187 2362; x_wconf 89' lang='lat' dir='ltr'><strong>concordissime</strong></span> <span class='ocrx_word' id='word_1_227' title='bbox 1209 2330 1285 2363; x_wconf 92' lang='lat' dir='ltr'><strong>uuam</strong></span> <span class='ocrx_word' id='word_1_228' title='bbox 1307 2315 1407 2364; x_wconf 83' lang='lat' dir='ltr'><strong>stabili·</strong></span> 
     </span>
     <span class='ocr_line' id='line_1_26' title="bbox 306 2390 1407 2455; baseline -0.001 -16"><span class='ocrx_word' id='word_1_229' title='bbox 306 2390 445 2454; x_wconf 85' lang='lat' dir='ltr'><strong>princeps:</strong></span> <span class='ocrx_word' id='word_1_230' title='bbox 464 2390 532 2439; x_wconf 87' lang='lat' dir='ltr'><strong>‘Cui</strong></span> <span class='ocrx_word' id='word_1_231' title='bbox 555 2405 694 2455; x_wconf 88' lang='lat' dir='ltr'><strong>numquam</strong></span> <span class='ocrx_word' id='word_1_232' title='bbox 716 2392 835 2441; x_wconf 80' lang='lat' dir='ltr'><strong>exhausti</strong></span> <span class='ocrx_word' id='word_1_233' title='bbox 871 2396 961 2437; x_wconf 90' lang='lat' dir='ltr'><strong>mento</strong></span> <span class='ocrx_word' id='word_1_234' title='bbox 986 2390 1058 2451; x_wconf 86' lang='lat' dir='ltr'><strong>pacis</strong></span> <span class='ocrx_word' id='word_1_235' title='bbox 1083 2398 1231 2439; x_wconf 88' lang='lat' dir='ltr'><strong>sanctorum</strong></span> <span class='ocrx_word' id='word_1_236' title='bbox 1259 2390 1407 2453; x_wconf 81' lang='lat' dir='ltr'><strong>spirituum,</strong></span> 
     </span>
     <span class='ocr_line' id='line_1_27' title="bbox 307 2465 1407 2525; baseline 0.002 -12"><span class='ocrx_word' id='word_1_237' title='bbox 307 2466 371 2515; x_wconf 86' lang='lat' dir='ltr'><strong>satis</strong></span> <span class='ocrx_word' id='word_1_238' title='bbox 383 2466 434 2515; x_wconf 68' lang='lat' dir='ltr'><strong>sit!</strong></span> <span class='ocrx_word' id='word_1_239' title='bbox 452 2466 568 2515; x_wconf 75' lang='lat' dir='ltr'><strong>Bernart.</strong></span> <span class='ocrx_word' id='word_1_240' title='bbox 825 2504 828 2509; x_wconf 97' lang='lat'>.</span> <span class='ocrx_word' id='word_1_241' title='bbox 872 2465 974 2515; x_wconf 80' lang='lat' dir='ltr'><strong>civium</strong></span> <span class='ocrx_word' id='word_1_242' title='bbox 988 2466 1104 2514; x_wconf 80' lang='lat' dir='ltr'><strong>civitatis</strong></span> <span class='ocrx_word' id='word_1_243' title='bbox 1127 2472 1178 2515; x_wconf 73' lang='lat' dir='ltr'><strong>tuae</strong></span> <span class='ocrx_word' id='word_1_244' title='bbox 1198 2466 1224 2515; x_wconf 92' lang='lat' dir='ltr'><strong>in</strong></span> <span class='ocrx_word' id='word_1_245' title='bbox 1245 2468 1407 2525; x_wconf 76' lang='lat' dir='ltr'><strong>celestibus,</strong></span> 
     </span>
    </p>

    <p class='ocr_par' dir='ltr' id='par_1_8' title="bbox 249 2534 1408 4358">
     <span class='ocr_line' id='line_1_28' title="bbox 338 2534 1407 2605; baseline 0.002 -14"><span class='ocrx_word' id='word_1_246' title='bbox 338 2542 471 2605; x_wconf 83' lang='lat' dir='ltr'><strong>Dorsaque]</strong></span> <span class='ocrx_word' id='word_1_247' title='bbox 496 2534 535 2589; x_wconf 82' lang='lat' dir='ltr'><strong>Er&#39;r</strong></span> <span class='ocrx_word' id='word_1_248' title='bbox 557 2547 644 2590; x_wconf 89' lang='lat' dir='ltr'><strong>mente</strong></span> <span class='ocrx_word' id='word_1_249' title='bbox 665 2542 782 2591; x_wconf 78' lang='lat' dir='ltr'><strong>Platonis</strong></span> <span class='ocrx_word' id='word_1_250' title='bbox 803 2558 835 2591; x_wconf 94' lang='lat' dir='ltr'><strong>ac</strong></span> <span class='ocrx_word' id='word_1_251' title='bbox 872 2556 952 2603; x_wconf 84' lang='lat' dir='ltr'><strong>snper</strong></span> <span class='ocrx_word' id='word_1_252' title='bbox 973 2542 1024 2590; x_wconf 85' lang='lat' dir='ltr'><strong>iata</strong></span> <span class='ocrx_word' id='word_1_253' title='bbox 1044 2542 1179 2593; x_wconf 81' lang='lat' dir='ltr'><strong>coelestia.&#39;</strong></span> <span class='ocrx_word' id='word_1_254' title='bbox 1210 2544 1291 2605; x_wconf 78' lang='lat' dir='ltr'><strong>Ergo,</strong></span> <span class='ocrx_word' id='word_1_255' title='bbox 1315 2550 1345 2593; x_wconf 91' lang='lat' dir='ltr'><strong>nt</strong></span> <span class='ocrx_word' id='word_1_256' title='bbox 1367 2544 1407 2593; x_wconf 88' lang='lat' dir='ltr'><strong>ait</strong></span> 
     </span>
     <span class='ocr_line' id='line_1_29' title="bbox 305 2616 1406 2683; baseline 0.005 -18"><span class='ocrx_word' id='word_1_257' title='bbox 305 2618 508 2679; x_wconf 83' lang='lat' dir='ltr'><strong>Platonicorum,</strong></span> <span class='ocrx_word' id='word_1_258' title='bbox 523 2616 567 2680; x_wconf 89' lang='lat' dir='ltr'><strong>qul</strong></span> <span class='ocrx_word' id='word_1_259' title='bbox 587 2616 769 2667; x_wconf 84' lang='lat' dir='ltr'><strong>existimabant</strong></span> <span class='ocrx_word' id='word_1_260' title='bbox 781 2620 836 2667; x_wconf 84' lang='lat' dir='ltr'><strong>De·</strong></span> <span class='ocrx_word' id='word_1_261' title='bbox 872 2619 949 2681; x_wconf 84' lang='lat' dir='ltr'><strong>paulo</strong></span> <span class='ocrx_word' id='word_1_262' title='bbox 977 2624 1036 2681; x_wconf 87' lang='lat' dir='ltr'><strong>post</strong></span> <span class='ocrx_word' id='word_1_263' title='bbox 1060 2620 1128 2667; x_wconf 83' lang='lat' dir='ltr'><strong>idem</strong></span> <span class='ocrx_word' id='word_1_264' title='bbox 1153 2618 1320 2683; x_wconf 83' lang='lat' dir='ltr'><strong>Aristoteles,</strong></span> <span class='ocrx_word' id='word_1_265' title='bbox 1348 2621 1406 2671; x_wconf 84' lang='lat' dir='ltr'><strong>lnec</strong></span> 
     </span>
     <span class='ocr_line' id='line_1_30' title="bbox 305 2692 1406 2755; baseline 0.005 -14"><span class='ocrx_word' id='word_1_266' title='bbox 305 2708 347 2741; x_wconf 88' lang='lat' dir='ltr'><strong>um</strong></span> <span class='ocrx_word' id='word_1_267' title='bbox 359 2706 403 2741; x_wconf 85' lang='lat' dir='ltr'><strong>seu</strong></span> <span class='ocrx_word' id='word_1_268' title='bbox 415 2706 539 2741; x_wconf 73' lang='lat' dir='ltr'><strong>crimmum</strong></span> <span class='ocrx_word' id='word_1_269' title='bbox 550 2692 642 2741; x_wconf 86' lang='lat' dir='ltr'><strong>Jovem</strong></span> <span class='ocrx_word' id='word_1_270' title='bbox 660 2692 776 2743; x_wconf 80' lang='lat' dir='ltr'><strong>nabitare</strong></span> <span class='ocrx_word' id='word_1_271' title='bbox 794 2710 836 2743; x_wconf 84' lang='lat' dir='ltr'><strong>sn·</strong></span> <span class='ocrx_word' id='word_1_272' title='bbox 871 2693 959 2755; x_wconf 88' lang='lat' dir='ltr'><strong>opinio</strong></span> <span class='ocrx_word' id='word_1_273' title='bbox 970 2708 1004 2741; x_wconf 85' lang='lat' dir='ltr'><strong>ex</strong></span> <span class='ocrx_word' id='word_1_274' title='bbox 1022 2694 1150 2743; x_wconf 87' lang='lat' dir='ltr'><strong>communi</strong></span> <span class='ocrx_word' id='word_1_275' title='bbox 1170 2709 1239 2743; x_wconf 89' lang='lat' dir='ltr'><strong>more</strong></span> <span class='ocrx_word' id='word_1_276' title='bbox 1261 2701 1289 2743; x_wconf 90' lang='lat' dir='ltr'><strong>et</strong></span> <span class='ocrx_word' id='word_1_277' title='bbox 1308 2704 1406 2745; x_wconf 85' lang='lat' dir='ltr'><strong>morta·</strong></span> 
     </span>
     <span class='ocr_line' id='line_1_31' title="bbox 305 2762 1408 2835; baseline 0.005 -21"><span class='ocrx_word' id='word_1_278' title='bbox 305 2762 355 2831; x_wconf 76' lang='lat' dir='ltr'><strong>pra‘</strong></span> <span class='ocrx_word' id='word_1_279' title='bbox 376 2768 435 2816; x_wconf 89' lang='lat' dir='ltr'><strong>coeli</strong></span> <span class='ocrx_word' id='word_1_280' title='bbox 454 2767 589 2816; x_wconf 85' lang='lat' dir='ltr'><strong>verticem.</strong></span> <span class='ocrx_word' id='word_1_281' title='bbox 622 2767 678 2817; x_wconf 78' lang='lat' dir='ltr'><strong>Into</strong></span> <span class='ocrx_word' id='word_1_282' title='bbox 699 2774 728 2817; x_wconf 86' lang='lat' dir='ltr'><strong>et</strong></span> <span class='ocrx_word' id='word_1_283' title='bbox 754 2769 835 2833; x_wconf 81' lang='lat' dir='ltr'><strong>ipsius</strong></span> <span class='ocrx_word' id='word_1_284' title='bbox 871 2767 931 2816; x_wconf 88' lang='lat' dir='ltr'><strong>lium</strong></span> <span class='ocrx_word' id='word_1_285' title='bbox 944 2782 1070 2817; x_wconf 80' lang='lat' dir='ltr'><strong>consensu</strong></span> <span class='ocrx_word' id='word_1_286' title='bbox 1080 2769 1189 2831; x_wconf 86' lang='lat' dir='ltr'><strong>obtinet,</strong></span> <span class='ocrx_word' id='word_1_287' title='bbox 1204 2769 1408 2835; x_wconf 67' lang='lat' dir='ltr'><strong>alubexdpar</strong></span> 
     </span>
     <span class='ocr_line' id='line_1_32' title="bbox 304 2840 1405 2907; baseline 0.003 -15"><span class='ocrx_word' id='word_1_288' title='bbox 304 2842 463 2905; x_wconf 79' lang='lat' dir='ltr'><strong>Aristotelis,</strong></span> <span class='ocrx_word' id='word_1_289' title='bbox 479 2843 523 2905; x_wconf 90' lang='lat' dir='ltr'><strong>qui</strong></span> <span class='ocrx_word' id='word_1_290' title='bbox 547 2842 677 2893; x_wconf 80' lang='lat' dir='ltr'><strong>referente</strong></span> <span class='ocrx_word' id='word_1_291' title='bbox 693 2844 835 2894; x_wconf 81' lang='lat' dir='ltr'><strong>Plutarcho</strong></span> <span class='ocrx_word' id='word_1_292' title='bbox 871 2840 971 2892; x_wconf 72' lang='grc' dir='ltr'><strong>ἀποδοὺς</strong></span> <span class='ocrx_word' id='word_1_293' title='bbox 981 2843 1039 2906; x_wconf 68' lang='grc' dir='ltr'><strong>Θεᾷ,</strong></span> <span class='ocrx_word' id='word_1_294' title='bbox 1050 2846 1202 2907; x_wconf 84' lang='lat' dir='ltr'><strong>‘superiora</strong></span> <span class='ocrx_word' id='word_1_295' title='bbox 1213 2860 1269 2895; x_wconf 81' lang='lat' dir='ltr'><strong>esse</strong></span> <span class='ocrx_word' id='word_1_296' title='bbox 1281 2847 1338 2895; x_wconf 90' lang='lat' dir='ltr'><strong>Deo</strong></span> <span class='ocrx_word' id='word_1_297' title='bbox 1353 2856 1405 2895; x_wconf 88' lang='lat' dir='ltr'><strong>tra·</strong></span> 
     </span>
     <span class='ocr_line' id='line_1_33' title="bbox 305 2918 1406 2986; baseline 0.005 -19"><span class='ocrx_word' id='word_1_298' title='bbox 305 2920 332 2968; x_wconf 92' lang='lat' dir='ltr'><strong>in</strong></span> <span class='ocrx_word' id='word_1_299' title='bbox 352 2920 447 2970; x_wconf 85' lang='lat' dir='ltr'><strong>Placit.</strong></span> <span class='ocrx_word' id='word_1_300' title='bbox 465 2920 615 2983; x_wconf 85' lang='lat' dir='ltr'><strong>Philosoph.</strong></span> <span class='ocrx_word' id='word_1_301' title='bbox 635 2926 662 2969; x_wconf 84' lang='lat' dir='ltr'><strong>at</strong></span> <span class='ocrx_word' id='word_1_302' title='bbox 680 2922 716 2970; x_wconf 91' lang='lat' dir='ltr'><strong>D.</strong></span> <span class='ocrx_word' id='word_1_303' title='bbox 738 2922 836 2985; x_wconf 85' lang='lat' dir='ltr'><strong>Cyrillo</strong></span> <span class='ocrx_word' id='word_1_304' title='bbox 872 2918 945 2968; x_wconf 70' lang='lat' dir='ltr'><strong>dita!</strong></span> <span class='ocrx_word' id='word_1_305' title='bbox 978 2922 1062 2970; x_wconf 80' lang='lat' dir='ltr'><strong>Locus</strong></span> <span class='ocrx_word' id='word_1_306' title='bbox 1074 2928 1161 2970; x_wconf 88' lang='lat' dir='ltr'><strong>autem</strong></span> <span class='ocrx_word' id='word_1_307' title='bbox 1180 2921 1406 2986; x_wconf 71' lang='lat' dir='ltr'><strong>illelrepovpaitsus,</strong></span> 
     </span>
     <span class='ocr_line' id='line_1_34' title="bbox 306 2993 1407 3061; baseline 0.003 -16"><span class='ocrx_word' id='word_1_308' title='bbox 306 2993 574 3047; x_wconf 59' lang='lat' dir='ltr'><strong>contrudendos</strong></span> <span class='ocrx_word' id='word_1_309' title='bbox 589 2994 633 3057; x_wconf 79' lang='grc' dir='ltr'><strong>μὲν</strong></span> <span class='ocrx_word' id='word_1_310' title='bbox 650 2996 767 3061; x_wconf 72' lang='grc' dir='ltr'><strong>χωριστὸν</strong></span> <span class='ocrx_word' id='word_1_311' title='bbox 785 2996 835 3045; x_wconf 77' lang='lat' dir='ltr'><strong>irc·</strong></span> <span class='ocrx_word' id='word_1_312' title='bbox 872 3010 940 3045; x_wconf 86' lang='lat' dir='ltr'><strong>nnnc</strong></span> <span class='ocrx_word' id='word_1_313' title='bbox 951 2995 1055 3060; x_wconf 72' lang='grc' dir='ltr'><strong>οὐρανὸς,</strong></span> <span class='ocrx_word' id='word_1_314' title='bbox 1072 2997 1161 3057; x_wconf 87' lang='lat' dir='ltr'><strong>idest,</strong></span> <span class='ocrx_word' id='word_1_315' title='bbox 1177 2997 1286 3059; x_wconf 83' lang='lat' dir='ltr'><strong>Coelnm,</strong></span> <span class='ocrx_word' id='word_1_316' title='bbox 1306 2998 1339 3047; x_wconf 86' lang='lat' dir='ltr'><strong>ab</strong></span> <span class='ocrx_word' id='word_1_317' title='bbox 1349 3006 1407 3061; x_wconf 84' lang='lat' dir='ltr'><strong>ety-</strong></span> 
     </span>
     <span class='ocr_line' id='line_1_35' title="bbox 304 3070 1405 3139; baseline 0.003 -17"><span class='ocrx_word' id='word_1_318' title='bbox 304 3072 376 3135; x_wconf 70' lang='grc' dir='ltr'><strong>μόζει</strong></span> <span class='ocrx_word' id='word_1_319' title='bbox 393 3072 435 3123; x_wconf 73' lang='grc' dir='ltr'><strong>τὸν</strong></span> <span class='ocrx_word' id='word_1_320' title='bbox 453 3071 521 3135; x_wconf 71' lang='grc' dir='ltr'><strong>Θεὸν,</strong></span> <span class='ocrx_word' id='word_1_321' title='bbox 537 3073 644 3132; x_wconf 73' lang='grc' dir='ltr'><strong>ἐπιβῆναι</strong></span> <span class='ocrx_word' id='word_1_322' title='bbox 657 3070 683 3121; x_wconf 79' lang='lat' dir='ltr'><strong>di</strong></span> <span class='ocrx_word' id='word_1_323' title='bbox 697 3071 837 3122; x_wconf 59' lang='lat' dir='ltr'><strong>trostmar</strong></span> <span class='ocrx_word' id='word_1_324' title='bbox 872 3087 914 3122; x_wconf 85' lang='lat' dir='ltr'><strong>mo</strong></span> <span class='ocrx_word' id='word_1_325' title='bbox 934 3074 1052 3123; x_wconf 88' lang='lat' dir='ltr'><strong>nimirum</strong></span> <span class='ocrx_word' id='word_1_326' title='bbox 1070 3074 1142 3122; x_wconf 84' lang='lat' dir='ltr'><strong>vocis</strong></span> <span class='ocrx_word' id='word_1_327' title='bbox 1163 3073 1279 3135; x_wconf 81' lang='lat' dir='ltr'><strong>ejusdem</strong></span> <span class='ocrx_word' id='word_1_328' title='bbox 1298 3076 1405 3139; x_wconf 72' lang='lat' dir='ltr'><strong>olpwds,</strong></span> 
     </span>
     <span class='ocr_line' id='line_1_36' title="bbox 304 3148 1404 3215; baseline 0.002 -17"><span class='ocrx_word' id='word_1_329' title='bbox 304 3150 482 3215; x_wconf 75' lang='grc' dir='ltr'><strong>τῇτοῦπαντὸι</strong></span> <span class='ocrx_word' id='word_1_330' title='bbox 490 3149 701 3214; x_wconf 49' lang='lat' dir='ltr'><strong>reuponticum</strong></span> <span class='ocrx_word' id='word_1_331' title='bbox 711 3153 836 3214; x_wconf 86' lang='lat' dir='ltr'><strong>appellat,</strong></span> <span class='ocrx_word' id='word_1_332' title='bbox 872 3148 957 3212; x_wconf 92' lang='lat' dir='ltr'><strong>inquit</strong></span> <span class='ocrx_word' id='word_1_333' title='bbox 975 3149 1054 3209; x_wconf 87' lang='lat' dir='ltr'><strong>idem,</strong></span> <span class='ocrx_word' id='word_1_334' title='bbox 1072 3148 1145 3213; x_wconf 87' lang='lat' dir='ltr'><strong>qnasi</strong></span> <span class='ocrx_word' id='word_1_335' title='bbox 1164 3148 1198 3197; x_wconf 91' lang='lat' dir='ltr'><strong>sit</strong></span> <span class='ocrx_word' id='word_1_336' title='bbox 1214 3148 1266 3213; x_wconf 75' lang='grc' dir='ltr'><strong>ὅρος</strong></span> <span class='ocrx_word' id='word_1_337' title='bbox 1281 3154 1329 3199; x_wconf 77' lang='lat' dir='ltr'><strong>rai&#39;r</strong></span> <span class='ocrx_word' id='word_1_338' title='bbox 1346 3150 1404 3214; x_wconf 74' lang='lat' dir='ltr'><strong>live,</strong></span> 
     </span>
     <span class='ocr_line' id='line_1_37' title="bbox 304 3222 1407 3289; baseline 0.001 -13"><span class='ocrx_word' id='word_1_339' title='bbox 304 3225 411 3276; x_wconf 80' lang='lat' dir='ltr'><strong>formam</strong></span> <span class='ocrx_word' id='word_1_340' title='bbox 424 3232 579 3289; x_wconf 80' lang='lat' dir='ltr'><strong>separatum,</strong></span> <span class='ocrx_word' id='word_1_341' title='bbox 589 3234 616 3275; x_wconf 89' lang='lat' dir='ltr'><strong>et</strong></span> <span class='ocrx_word' id='word_1_342' title='bbox 627 3226 836 3289; x_wconf 82' lang='lat' dir='ltr'><strong>Universisphae-</strong></span> <span class='ocrx_word' id='word_1_343' title='bbox 872 3224 947 3272; x_wconf 86' lang='lat' dir='ltr'><strong>‘linis</strong></span> <span class='ocrx_word' id='word_1_344' title='bbox 959 3222 1152 3287; x_wconf 86' lang='lat' dir='ltr'><strong>supremornm&#39;</strong></span> <span class='ocrx_word' id='word_1_345' title='bbox 1168 3238 1306 3288; x_wconf 86' lang='lat' dir='ltr'><strong>corporum</strong></span> <span class='ocrx_word' id='word_1_346' title='bbox 1322 3226 1407 3277; x_wconf 85' lang='lat' dir='ltr'><strong>‘exti-</strong></span> 
     </span>
     <span class='ocr_line' id='line_1_38' title="bbox 305 3298 1404 3365; baseline 0.001 -14"><span class='ocrx_word' id='word_1_347' title='bbox 305 3318 360 3353; x_wconf 86' lang='lat' dir='ltr'><strong>ram</strong></span> <span class='ocrx_word' id='word_1_348' title='bbox 371 3303 483 3351; x_wconf 83' lang='lat' dir='ltr'><strong>insidere</strong></span> <span class='ocrx_word' id='word_1_349' title='bbox 494 3302 647 3351; x_wconf 72' lang='lat' dir='ltr'><strong>contendis!</strong></span> <span class='ocrx_word' id='word_1_350' title='bbox 680 3302 741 3351; x_wconf 89' lang='lat' dir='ltr'><strong>Huc</strong></span> <span class='ocrx_word' id='word_1_351' title='bbox 761 3316 835 3365; x_wconf 84' lang='lat' dir='ltr'><strong>spec·</strong></span> <span class='ocrx_word' id='word_1_352' title='bbox 871 3299 953 3347; x_wconf 63' lang='lat' dir='ltr'><strong>mus?</strong></span> <span class='ocrx_word' id='word_1_353' title='bbox 968 3313 1036 3347; x_wconf 92' lang='lat' dir='ltr'><strong>nnnc</strong></span> <span class='ocrx_word' id='word_1_354' title='bbox 1050 3305 1135 3347; x_wconf 91' lang='lat' dir='ltr'><strong>autem</strong></span> <span class='ocrx_word' id='word_1_355' title='bbox 1142 3298 1274 3363; x_wconf 76' lang='grc' dir='ltr'><strong>Ὄλυμπος,</strong></span> <span class='ocrx_word' id='word_1_356' title='bbox 1288 3302 1337 3351; x_wconf 90' lang='lat' dir='ltr'><strong>hoc</strong></span> <span class='ocrx_word' id='word_1_357' title='bbox 1353 3310 1404 3365; x_wconf 88' lang='lat' dir='ltr'><strong>est,</strong></span> 
     </span>
     <span class='ocr_line' id='line_1_39' title="bbox 306 3376 1407 3443; baseline 0.002 -16"><span class='ocrx_word' id='word_1_358' title='bbox 306 3385 364 3428; x_wconf 88' lang='lat' dir='ltr'><strong>tant</strong></span> <span class='ocrx_word' id='word_1_359' title='bbox 385 3390 443 3443; x_wconf 79' lang='lat' dir='ltr'><strong>quae</strong></span> <span class='ocrx_word' id='word_1_360' title='bbox 470 3376 597 3426; x_wconf 86' lang='lat' dir='ltr'><strong>habentur</strong></span> <span class='ocrx_word' id='word_1_361' title='bbox 623 3376 689 3425; x_wconf 90' lang='lat' dir='ltr'><strong>libro</strong></span> <span class='ocrx_word' id='word_1_362' title='bbox 717 3376 773 3439; x_wconf 86' lang='lat' dir='ltr'><strong>ejus</strong></span> <span class='ocrx_word' id='word_1_363' title='bbox 802 3378 835 3427; x_wconf 87' lang='lat' dir='ltr'><strong>dc</strong></span> <span class='ocrx_word' id='word_1_364' title='bbox 871 3378 987 3426; x_wconf 86' lang='lat' dir='ltr'><strong>Deorum</strong></span> <span class='ocrx_word' id='word_1_365' title='bbox 1005 3376 1090 3437; x_wconf 85' lang='lat' dir='ltr'><strong>sedes,</strong></span> <span class='ocrx_word' id='word_1_366' title='bbox 1108 3376 1221 3425; x_wconf 85' lang='lat' dir='ltr'><strong>Homero</strong></span> <span class='ocrx_word' id='word_1_367' title='bbox 1239 3386 1266 3426; x_wconf 89' lang='lat' dir='ltr'><strong>et</strong></span> <span class='ocrx_word' id='word_1_368' title='bbox 1285 3379 1342 3429; x_wconf 87' lang='lat' dir='ltr'><strong>aliis</strong></span> <span class='ocrx_word' id='word_1_369' title='bbox 1362 3394 1407 3429; x_wconf 81' lang='lat' dir='ltr'><strong>ve·</strong></span> 
     </span>
     <span class='ocr_line' id='line_1_40' title="bbox 305 3449 1405 3517; baseline 0.002 -14"><span class='ocrx_word' id='word_1_370' title='bbox 305 3453 415 3515; x_wconf 88' lang='lat' dir='ltr'><strong>Mundo,</strong></span> <span class='ocrx_word' id='word_1_371' title='bbox 432 3457 492 3503; x_wconf 84' lang='lat' dir='ltr'><strong>ante</strong></span> <span class='ocrx_word' id='word_1_372' title='bbox 504 3451 591 3515; x_wconf 87' lang='lat' dir='ltr'><strong>finem,</strong></span> <span class='ocrx_word' id='word_1_373' title='bbox 605 3450 653 3509; x_wconf 69' lang='lat' dir='ltr'><strong>&#39;tir</strong></span> <span class='ocrx_word' id='word_1_374' title='bbox 663 3449 707 3513; x_wconf 78' lang='grc' dir='ltr'><strong>μὲν</strong></span> <span class='ocrx_word' id='word_1_375' title='bbox 721 3449 761 3502; x_wconf 74' lang='grc' dir='ltr'><strong>οὖν</strong></span> <span class='ocrx_word' id='word_1_376' title='bbox 779 3452 835 3502; x_wconf 74' lang='lat' dir='ltr'><strong>daa-</strong></span> <span class='ocrx_word' id='word_1_377' title='bbox 872 3452 972 3503; x_wconf 85' lang='lat' dir='ltr'><strong>teribus</strong></span> <span class='ocrx_word' id='word_1_378' title='bbox 985 3452 1094 3514; x_wconf 83' lang='lat' dir='ltr'><strong>dicitnr3</strong></span> <span class='ocrx_word' id='word_1_379' title='bbox 1112 3459 1142 3502; x_wconf 89' lang='lat' dir='ltr'><strong>nt</strong></span> <span class='ocrx_word' id='word_1_380' title='bbox 1154 3454 1326 3517; x_wconf 83' lang='lat' dir='ltr'><strong>etVirgilio,‘</strong></span> <span class='ocrx_word' id='word_1_381' title='bbox 1337 3456 1405 3505; x_wconf 85' lang='lat' dir='ltr'><strong>Can·</strong></span> 
     </span>
     <span class='ocr_line' id='line_1_41' title="bbox 304 3527 1405 3595; baseline 0.001 -16"><span class='ocrx_word' id='word_1_382' title='bbox 304 3528 369 3579; x_wconf 78' lang='lat' dir='ltr'><strong>rdru</strong></span> <span class='ocrx_word' id='word_1_383' title='bbox 390 3529 429 3577; x_wconf 78' lang='lat' dir='ltr'><strong>nal</strong></span> <span class='ocrx_word' id='word_1_384' title='bbox 450 3527 542 3593; x_wconf 64' lang='lat' dir='ltr'><strong>apd-mu</strong></span> <span class='ocrx_word' id='word_1_385' title='bbox 560 3527 627 3593; x_wconf 77' lang='grc' dir='ltr'>ἕδραν</span> <span class='ocrx_word' id='word_1_386' title='bbox 647 3529 717 3580; x_wconf 74' lang='grc' dir='ltr'><strong>αὐτὸς</strong></span> <span class='ocrx_word' id='word_1_387' title='bbox 738 3528 836 3595; x_wconf 79' lang='grc' dir='ltr'>ἔλαχεν,</span> <span class='ocrx_word' id='word_1_388' title='bbox 871 3529 1087 3578; x_wconf 79' lang='lat' dir='ltr'><strong>didusinsnetnnr</strong></span> <span class='ocrx_word' id='word_1_389' title='bbox 1099 3528 1209 3579; x_wconf 88' lang='lat' dir='ltr'><strong>miratur</strong></span> <span class='ocrx_word' id='word_1_390' title='bbox 1224 3530 1301 3579; x_wconf 86' lang='lat' dir='ltr'><strong>limen</strong></span> <span class='ocrx_word' id='word_1_391' title='bbox 1314 3531 1405 3595; x_wconf 86' lang='lat' dir='ltr'><strong>Olym·</strong></span> 
     </span>
     <span class='ocr_line' id='line_1_42' title="bbox 306 3604 1405 3669; baseline 0.004 -16"><span class='ocrx_word' id='word_1_392' title='bbox 306 3604 393 3653; x_wconf 66' lang='grc' dir='ltr'><strong><em>ὕπατός</em></strong></span> <span class='ocrx_word' id='word_1_393' title='bbox 403 3622 432 3652; x_wconf 78' lang='grc' dir='ltr'><strong>τε</strong></span> <span class='ocrx_word' id='word_1_394' title='bbox 442 3604 479 3651; x_wconf 74' lang='lat' dir='ltr'><strong>ut</strong></span> <span class='ocrx_word' id='word_1_395' title='bbox 487 3605 559 3653; x_wconf 78' lang='grc' dir='ltr'>τοῦτο</span> <span class='ocrx_word' id='word_1_396' title='bbox 569 3604 710 3665; x_wconf 72' lang='grc' dir='ltr'><strong>ὠνόμασται,</strong></span> <span class='ocrx_word' id='word_1_397' title='bbox 725 3606 764 3656; x_wconf 79' lang='grc' dir='ltr'><strong>καὶ</strong></span> <span class='ocrx_word' id='word_1_398' title='bbox 774 3608 836 3657; x_wconf 68' lang='grc' dir='ltr'><strong>κατὰ</strong></span> <span class='ocrx_word' id='word_1_399' title='bbox 872 3606 908 3669; x_wconf 88' lang='lat' dir='ltr'><strong>pi,</strong></span> <span class='ocrx_word' id='word_1_400' title='bbox 923 3605 978 3655; x_wconf 83' lang='lat' dir='ltr'><strong>Sub</strong></span> <span class='ocrx_word' id='word_1_401' title='bbox 998 3604 1156 3667; x_wconf 87' lang='lat' dir='ltr'><strong>pedibusque</strong></span> <span class='ocrx_word' id='word_1_402' title='bbox 1177 3605 1249 3653; x_wconf 86' lang='lat' dir='ltr'><strong>videt</strong></span> <span class='ocrx_word' id='word_1_403' title='bbox 1268 3606 1349 3654; x_wconf 89' lang='lat' dir='ltr'><strong>nubes</strong></span> <span class='ocrx_word' id='word_1_404' title='bbox 1376 3613 1405 3657; x_wconf 87' lang='lat' dir='ltr'><strong>et</strong></span> 
     </span>
     <span class='ocr_line' id='line_1_43' title="bbox 304 3676 1405 3748; baseline 0.005 -20"><span class='ocrx_word' id='word_1_405' title='bbox 304 3678 347 3728; x_wconf 79' lang='lat' dir='ltr'><strong>rlr</strong></span> <span class='ocrx_word' id='word_1_406' title='bbox 357 3676 456 3735; x_wconf 79' lang='grc' dir='ltr'><strong>ποιητὴν</strong></span> <span class='ocrx_word' id='word_1_407' title='bbox 471 3676 588 3743; x_wconf 70' lang='grc' dir='ltr'><strong>ὼφοτάτῃ</strong></span> <span class='ocrx_word' id='word_1_408' title='bbox 607 3684 698 3745; x_wconf 75' lang='grc' dir='ltr'>κυρυφῇ</span> <span class='ocrx_word' id='word_1_409' title='bbox 715 3684 758 3731; x_wconf 77' lang='grc' dir='ltr'><strong>τοῦ</strong></span> <span class='ocrx_word' id='word_1_410' title='bbox 777 3682 835 3743; x_wconf 80' lang='grc' dir='ltr'><strong><em>σύμ·</em></strong></span> <span class='ocrx_word' id='word_1_411' title='bbox 871 3681 964 3744; x_wconf 77' lang='lat' dir='ltr'><strong>cydara</strong></span> <span class='ocrx_word' id='word_1_412' title='bbox 985 3680 1124 3742; x_wconf 62' lang='lat' dir='ltr'><strong>Daphnis?</strong></span> <span class='ocrx_word' id='word_1_413' title='bbox 1164 3681 1286 3745; x_wconf 88' lang='lat' dir='ltr'><strong>Miratur,</strong></span> <span class='ocrx_word' id='word_1_414' title='bbox 1311 3682 1405 3748; x_wconf 91' lang='lat' dir='ltr'><strong>inquit,</strong></span> 
     </span>
     <span class='ocr_line' id='line_1_44' title="bbox 305 3751 1404 3823; baseline 0.004 -18"><span class='ocrx_word' id='word_1_415' title='bbox 305 3772 392 3805; x_wconf 68' lang='lat' dir='ltr'><strong>rueras</strong></span> <span class='ocrx_word' id='word_1_416' title='bbox 406 3751 594 3817; x_wconf 68' lang='grc' dir='ltr'><strong>ἐγκαθιδρυμένος</strong></span> <span class='ocrx_word' id='word_1_417' title='bbox 610 3756 720 3819; x_wconf 72' lang='lat' dir='ltr'><strong>ciperani:</strong></span> <span class='ocrx_word' id='word_1_418' title='bbox 738 3759 835 3823; x_wconf 85' lang='lat' dir='ltr'><strong>‘snpe.</strong></span> <span class='ocrx_word' id='word_1_419' title='bbox 871 3757 1000 3820; x_wconf 85' lang='lat' dir='ltr'><strong>Daplrnis,</strong></span> <span class='ocrx_word' id='word_1_420' title='bbox 1016 3757 1091 3805; x_wconf 88' lang='lat' dir='ltr'><strong>Deua</strong></span> <span class='ocrx_word' id='word_1_421' title='bbox 1109 3755 1205 3819; x_wconf 82' lang='lat' dir='ltr'><strong>factus,</strong></span> <span class='ocrx_word' id='word_1_422' title='bbox 1221 3759 1297 3807; x_wconf 86' lang='lat' dir='ltr'><strong>limen</strong></span> <span class='ocrx_word' id='word_1_423' title='bbox 1312 3760 1404 3823; x_wconf 81' lang='lat' dir='ltr'><strong>Olym-</strong></span> 
     </span>
     <span class='ocr_line' id='line_1_45' title="bbox 304 3830 1403 3900; baseline 0.005 -19"><span class='ocrx_word' id='word_1_424' title='bbox 304 3830 734 3895; x_wconf 79' lang='lat' dir='ltr'><strong>riuremigitnretprimarnsedem</strong></span> <span class='ocrx_word' id='word_1_425' title='bbox 745 3836 835 3884; x_wconf 90' lang='lat' dir='ltr'><strong>mundi</strong></span> <span class='ocrx_word' id='word_1_426' title='bbox 870 3833 908 3896; x_wconf 90' lang='lat' dir='ltr'><strong>pi,</strong></span> <span class='ocrx_word' id='word_1_427' title='bbox 930 3834 980 3881; x_wconf 88' lang='lat' dir='ltr'><strong>hoc</strong></span> <span class='ocrx_word' id='word_1_428' title='bbox 1004 3838 1055 3895; x_wconf 89' lang='lat' dir='ltr'><strong>est,</strong></span> <span class='ocrx_word' id='word_1_429' title='bbox 1076 3831 1105 3881; x_wconf 69' lang='grc' dir='ltr'><strong>τὸ</strong></span> <span class='ocrx_word' id='word_1_430' title='bbox 1130 3834 1173 3882; x_wconf 75' lang='grc' dir='ltr'><strong>τοῦ</strong></span> <span class='ocrx_word' id='word_1_431' title='bbox 1197 3834 1294 3897; x_wconf 76' lang='lat' dir='ltr'><strong>adparari</strong></span> <span class='ocrx_word' id='word_1_432' title='bbox 1319 3840 1403 3900; x_wconf 61' lang='lat' dir='ltr'><strong>rerer,</strong></span> 
     </span>
     <span class='ocr_line' id='line_1_46' title="bbox 249 3907 1405 3975; baseline 0.003 -16"><span class='ocrx_word' id='word_1_433' title='bbox 249 3942 253 3949; x_wconf 89' lang='lat'>-</span> <span class='ocrx_word' id='word_1_434' title='bbox 305 3909 420 3971; x_wconf 86' lang='lat' dir='ltr'><strong>sortitus,</strong></span> <span class='ocrx_word' id='word_1_435' title='bbox 436 3922 468 3957; x_wconf 84' lang='lat' dir='ltr'><strong>ea</strong></span> <span class='ocrx_word' id='word_1_436' title='bbox 486 3907 520 3956; x_wconf 86' lang='lat' dir='ltr'><strong>de</strong></span> <span class='ocrx_word' id='word_1_437' title='bbox 542 3922 621 3957; x_wconf 82' lang='lat' dir='ltr'><strong>causa</strong></span> <span class='ocrx_word' id='word_1_438' title='bbox 640 3907 743 3973; x_wconf 70' lang='lat' dir='ltr'><strong>dumos,</strong></span> <span class='ocrx_word' id='word_1_439' title='bbox 760 3912 834 3975; x_wconf 86' lang='lat' dir='ltr'><strong>quasi</strong></span> <span class='ocrx_word' id='word_1_440' title='bbox 871 3912 946 3961; x_wconf 82' lang='lat' dir='ltr'><strong>‘coeli</strong></span> <span class='ocrx_word' id='word_1_441' title='bbox 962 3910 1084 3973; x_wconf 86' lang='lat' dir='ltr'><strong>dorsum,&#39;</strong></span> <span class='ocrx_word' id='word_1_442' title='bbox 1100 3913 1189 3961; x_wconf 84' lang='lat' dir='ltr'><strong>sedern</strong></span> <span class='ocrx_word' id='word_1_443' title='bbox 1205 3914 1307 3962; x_wconf 87' lang='lat' dir='ltr'><strong>scilicet</strong></span> <span class='ocrx_word' id='word_1_444' title='bbox 1325 3915 1405 3963; x_wconf 91' lang='lat' dir='ltr'><strong>iutel-</strong></span> 
     </span>
     <span class='ocr_line' id='line_1_47' title="bbox 303 3983 1403 4051; baseline 0.005 -18"><span class='ocrx_word' id='word_1_445' title='bbox 303 3998 437 4047; x_wconf 83' lang='lat' dir='ltr'><strong>supremns</strong></span> <span class='ocrx_word' id='word_1_446' title='bbox 461 3983 605 4047; x_wconf 80' lang='lat' dir='ltr'><strong>appellatus</strong></span> <span class='ocrx_word' id='word_1_447' title='bbox 625 3992 678 4034; x_wconf 87' lang='lat' dir='ltr'><strong>est:</strong></span> <span class='ocrx_word' id='word_1_448' title='bbox 699 3992 727 4034; x_wconf 90' lang='lat' dir='ltr'><strong>et</strong></span> <span class='ocrx_word' id='word_1_449' title='bbox 749 3996 778 4035; x_wconf 90' lang='lat' dir='ltr'><strong>nt</strong></span> <span class='ocrx_word' id='word_1_450' title='bbox 796 3987 834 4036; x_wconf 92' lang='lat' dir='ltr'><strong>in·</strong></span> <span class='ocrx_word' id='word_1_451' title='bbox 870 3988 1021 4037; x_wconf 77' lang='lat' dir='ltr'><strong>lectualiunr</strong></span> <span class='ocrx_word' id='word_1_452' title='bbox 1040 3986 1254 4049; x_wconf 77' lang='lat' dir='ltr'><strong>substantiarum,</strong></span> <span class='ocrx_word' id='word_1_453' title='bbox 1275 3990 1403 4051; x_wconf 87' lang='lat' dir='ltr'><strong>Deorum,</strong></span> 
     </span>
     <span class='ocr_line' id='line_1_48' title="bbox 305 4060 1405 4129; baseline 0.005 -20"><span class='ocrx_word' id='word_1_454' title='bbox 305 4061 362 4125; x_wconf 85' lang='lat' dir='ltr'><strong>quit</strong></span> <span class='ocrx_word' id='word_1_455' title='bbox 380 4060 465 4123; x_wconf 68' lang='lat' dir='ltr'><strong>podia,</strong></span> <span class='ocrx_word' id='word_1_456' title='bbox 483 4060 508 4109; x_wconf 94' lang='lat' dir='ltr'><strong>in</strong></span> <span class='ocrx_word' id='word_1_457' title='bbox 526 4074 625 4109; x_wconf 85' lang='lat' dir='ltr'><strong>summo</strong></span> <span class='ocrx_word' id='word_1_458' title='bbox 645 4061 757 4111; x_wconf 85' lang='lat' dir='ltr'><strong>culmine</strong></span> <span class='ocrx_word' id='word_1_459' title='bbox 779 4064 834 4113; x_wconf 91' lang='lat' dir='ltr'><strong>uni·</strong></span> <span class='ocrx_word' id='word_1_460' title='bbox 871 4079 903 4115; x_wconf 80' lang='lat' dir='ltr'><strong>uc</strong></span> <span class='ocrx_word' id='word_1_461' title='bbox 914 4065 1074 4126; x_wconf 82' lang='lat' dir='ltr'><strong>Beatornm3</strong></span> <span class='ocrx_word' id='word_1_462' title='bbox 1091 4065 1240 4129; x_wconf 84' lang='lat' dir='ltr'><strong>atqnelrinc</strong></span> <span class='ocrx_word' id='word_1_463' title='bbox 1251 4065 1356 4128; x_wconf 85' lang='lat' dir='ltr'><strong>sydera,</strong></span> <span class='ocrx_word' id='word_1_464' title='bbox 1374 4072 1405 4115; x_wconf 89' lang='lat' dir='ltr'><strong>et</strong></span> 
     </span>
     <span class='ocr_line' id='line_1_49' title="bbox 304 4138 1405 4207; baseline 0.008 -22"><span class='ocrx_word' id='word_1_465' title='bbox 304 4138 373 4188; x_wconf 82' lang='lat' dir='ltr'><strong>uersi</strong></span> <span class='ocrx_word' id='word_1_466' title='bbox 395 4139 451 4188; x_wconf 87' lang='lat' dir='ltr'><strong>coeli</strong></span> <span class='ocrx_word' id='word_1_467' title='bbox 475 4152 548 4186; x_wconf 76' lang='lat' dir='ltr'><strong>sirum</strong></span> <span class='ocrx_word' id='word_1_468' title='bbox 570 4139 650 4189; x_wconf 84' lang='lat' dir='ltr'><strong>habet</strong></span> <span class='ocrx_word' id='word_1_469' title='bbox 676 4140 836 4192; x_wconf 86' lang='lat' dir='ltr'><strong>domicilium</strong></span> <span class='ocrx_word' id='word_1_470' title='bbox 871 4138 1095 4191; x_wconf 83' lang='lat' dir='ltr'><strong>inferioramnndi</strong></span> <span class='ocrx_word' id='word_1_471' title='bbox 1114 4142 1243 4190; x_wconf 85' lang='lat' dir='ltr'><strong>elementa</strong></span> <span class='ocrx_word' id='word_1_472' title='bbox 1261 4141 1309 4193; x_wconf 81' lang='lat' dir='ltr'><strong>sun</strong></span> <span class='ocrx_word' id='word_1_473' title='bbox 1329 4144 1405 4207; x_wconf 86' lang='lat' dir='ltr'><strong>pedi·</strong></span> 
     </span>
     <span class='ocr_line' id='line_1_50' title="bbox 304 4212 1183 4281; baseline 0.002 -18"><span class='ocrx_word' id='word_1_474' title='bbox 304 4212 474 4263; x_wconf 77' lang='lat' dir='ltr'><strong>collocatum.¹</strong></span> <span class='ocrx_word' id='word_1_475' title='bbox 492 4214 836 4281; x_wconf 75' lang='lat' dir='ltr'><strong>Hermesdsclepio,‘Dens</strong></span> <span class='ocrx_word' id='word_1_476' title='bbox 871 4216 919 4266; x_wconf 84' lang='lat' dir='ltr'><strong>bus</strong></span> <span class='ocrx_word' id='word_1_477' title='bbox 929 4218 982 4265; x_wconf 92' lang='lat' dir='ltr'><strong>suis</strong></span> <span class='ocrx_word' id='word_1_478' title='bbox 993 4216 1076 4265; x_wconf 71' lang='lat' dir='ltr'><strong>videt</strong></span> <span class='ocrx_word' id='word_1_479' title='bbox 1094 4216 1183 4266; x_wconf 82' lang='lat' dir='ltr'><strong>Vallia.</strong></span> 
     </span>
     <span class='ocr_line' id='line_1_51' title="bbox 305 4288 1402 4358; baseline 0.007 -20"><span class='ocrx_word' id='word_1_480' title='bbox 305 4302 383 4353; x_wconf 83' lang='lat' dir='ltr'><strong>snpra</strong></span> <span class='ocrx_word' id='word_1_481' title='bbox 402 4288 527 4339; x_wconf 82' lang='lat' dir='ltr'><strong>verticem</strong></span> <span class='ocrx_word' id='word_1_482' title='bbox 548 4292 638 4342; x_wconf 83' lang='lat' dir='ltr'><strong>summi</strong></span> <span class='ocrx_word' id='word_1_483' title='bbox 660 4293 718 4341; x_wconf 86' lang='lat' dir='ltr'><strong>coeli</strong></span> <span class='ocrx_word' id='word_1_484' title='bbox 739 4294 835 4344; x_wconf 74' lang='lat' dir='ltr'><strong>consu·</strong></span> <span class='ocrx_word' id='word_1_485' title='bbox 904 4292 1223 4357; x_wconf 74' lang='lat' dir='ltr'><strong>Dorsaquerslorisprcrrrt</strong></span> <span class='ocrx_word' id='word_1_486' title='bbox 1239 4294 1349 4358; x_wconf 56' lang='lat' dir='ltr'><strong>adeda]</strong></span> <span class='ocrx_word' id='word_1_487' title='bbox 1365 4295 1402 4345; x_wconf 91' lang='lat' dir='ltr'><strong>ll·</strong></span> 
     </span>
    </p>
   </div>
   <div class='ocr_carea' id='block_1_5' title="bbox 0 0 1596 4959">
    <p class='ocr_par' dir='ltr' id='par_1_9' title="bbox 0 0 1596 4959">
     <span class='ocr_line' id='line_1_52' title="bbox 0 0 1596 4959; baseline 0 0"><span class='ocrx_word' id='word_1_488' title='bbox 0 0 1596 4959; x_wconf 95' lang='lat' dir='ltr'><strong> </strong></span> 
     </span>
    </p>
   </div>
  </div>
 </body>
</html>
