<?xml version="1.0" encoding="UTF-8"?>
<!DOCTYPE html PUBLIC "-//W3C//DTD XHTML 1.0 Transitional//EN"
    "http://www.w3.org/TR/xhtml1/DTD/xhtml1-transitional.dtd">
<html xmlns="http://www.w3.org/1999/xhtml" xml:lang="en" lang="en">
 <head>
  <title>
</title>
<meta http-equiv="Content-Type" content="text/html;charset=utf-8" />
  <meta name='ocr-system' content='tesseract 3.04.00' />
  <meta name='ocr-capabilities' content='ocr_page ocr_carea ocr_par ocr_line ocrx_word'/>
</head>
<body>
  <div class='ocr_page' id='page_1' title='image "./deconsolationep00sciegoog_0089.png"; bbox 0 0 3184 4959; ppageno 0'>
   <div class='ocr_carea' id='block_1_1' title="bbox 330 396 1275 460">
    <p class='ocr_par' dir='ltr' id='par_1_1' title="bbox 330 396 1275 460">
     <span class='ocr_line' id='line_1_1' title="bbox 330 396 1275 460; baseline 0.01 -9"><span class='ocrx_word' id='word_1_1' title='bbox 330 406 483 454; x_wconf 75' lang='lat' dir='ltr'>courum</span> <span class='ocrx_word' id='word_1_2' title='bbox 510 406 978 457; x_wconf 77' lang='lat' dir='ltr'>ouoousou.e1rruosoeu.</span> <span class='ocrx_word' id='word_1_3' title='bbox 1004 409 1075 457; x_wconf 82' lang='lat' dir='ltr'>urs.</span> <span class='ocrx_word' id='word_1_4' title='bbox 1100 410 1125 456; x_wconf 91' lang='lat'>1.</span> <span class='ocrx_word' id='word_1_5' title='bbox 1210 396 1275 460; x_wconf 79' lang='lat'>431</span> 
     </span>
    </p>
   </div>
   <div class='ocr_carea' id='block_1_2' title="bbox 118 545 1278 2737">
    <p class='ocr_par' dir='ltr' id='par_1_2' title="bbox 118 545 1278 2737">
     <span class='ocr_line' id='line_1_2' title="bbox 174 545 923 601; baseline 0.009 -7"><span class='ocrx_word' id='word_1_6' title='bbox 174 545 209 595; x_wconf 79' lang='lat' dir='ltr'>uh</span> <span class='ocrx_word' id='word_1_7' title='bbox 218 545 627 598; x_wconf 72' lang='lat' dir='ltr'>aestivaatsolsiitislisorleuils</span> <span class='ocrx_word' id='word_1_8' title='bbox 637 554 708 599; x_wconf 75' lang='lat' dir='ltr'>mets</span> <span class='ocrx_word' id='word_1_9' title='bbox 743 552 812 600; x_wconf 85' lang='lat' dir='ltr'>eus?</span> <span class='ocrx_word' id='word_1_10' title='bbox 834 551 923 601; x_wconf 77' lang='lat' dir='ltr'>Vallis.</span> 
     </span>
     <span class='ocr_line' id='line_1_3' title="bbox 175 622 1274 694; baseline 0.011 -24"><span class='ocrx_word' id='word_1_11' title='bbox 175 622 247 671; x_wconf 80' lang='lat' dir='ltr'>veuit</span> <span class='ocrx_word' id='word_1_12' title='bbox 265 622 349 686; x_wconf 74' lang='grc' dir='ltr'>βορέας</span> <span class='ocrx_word' id='word_1_13' title='bbox 369 624 471 685; x_wconf 81' lang='lat' dir='ltr'>Graece,</span> <span class='ocrx_word' id='word_1_14' title='bbox 491 625 587 674; x_wconf 81' lang='lat' dir='ltr'>Latine</span> <span class='ocrx_word' id='word_1_15' title='bbox 610 625 707 689; x_wconf 81' lang='lat' dir='ltr'>Aquilo</span> <span class='ocrx_word' id='word_1_16' title='bbox 774 628 841 677; x_wconf 73' lang='lat' dir='ltr'>Aule</span> <span class='ocrx_word' id='word_1_17' title='bbox 863 629 939 677; x_wconf 75' lang='lat' dir='ltr'>moiri</span> <span class='ocrx_word' id='word_1_18' title='bbox 959 629 1069 679; x_wconf 74' lang='lat' dir='ltr'>Platoris</span> <span class='ocrx_word' id='word_1_19' title='bbox 1088 630 1198 694; x_wconf 70' lang='grc' dir='ltr'>σισισσς]</span> <span class='ocrx_word' id='word_1_20' title='bbox 1226 630 1274 682; x_wconf 80' lang='lat' dir='ltr'>So·</span> 
     </span>
     <span class='ocr_line' id='line_1_4' title="bbox 172 698 1278 771; baseline 0.013 -26"><span class='ocrx_word' id='word_1_21' title='bbox 172 699 331 749; x_wconf 82' lang='lat' dir='ltr'>nominator.</span> <span class='ocrx_word' id='word_1_22' title='bbox 365 700 435 749; x_wconf 84' lang='lat' dir='ltr'>Hinc</span> <span class='ocrx_word' id='word_1_23' title='bbox 448 698 619 763; x_wconf 62' lang='grc' dir='ltr'>αἰθρςῃσέςησ,</span> <span class='ocrx_word' id='word_1_24' title='bbox 636 700 706 765; x_wconf 86' lang='lat' dir='ltr'>quod</span> <span class='ocrx_word' id='word_1_25' title='bbox 743 702 811 766; x_wconf 86' lang='lat' dir='ltr'>loue,</span> <span class='ocrx_word' id='word_1_26' title='bbox 820 702 985 768; x_wconf 76' lang='lat' dir='ltr'>Anaxagora,</span> <span class='ocrx_word' id='word_1_27' title='bbox 994 712 1021 755; x_wconf 82' lang='lat' dir='ltr'>et</span> <span class='ocrx_word' id='word_1_28' title='bbox 1027 706 1179 771; x_wconf 77' lang='lat' dir='ltr'>Pythagora</span> <span class='ocrx_word' id='word_1_29' title='bbox 1191 708 1218 757; x_wconf 91' lang='lat' dir='ltr'>lu</span> <span class='ocrx_word' id='word_1_30' title='bbox 1230 724 1278 759; x_wconf 84' lang='lat' dir='ltr'>ex·</span> 
     </span>
     <span class='ocr_line' id='line_1_5' title="bbox 172 773 1272 835; baseline 0.013 -15"><span class='ocrx_word' id='word_1_31' title='bbox 172 773 207 822; x_wconf 88' lang='lat' dir='ltr'>sit</span> <span class='ocrx_word' id='word_1_32' title='bbox 218 774 282 821; x_wconf 83' lang='lat' dir='ltr'>alios</span> <span class='ocrx_word' id='word_1_33' title='bbox 296 788 414 835; x_wconf 85' lang='lat' dir='ltr'>serenus,</span> <span class='ocrx_word' id='word_1_34' title='bbox 436 776 567 824; x_wconf 78' lang='lat' dir='ltr'>Homerus</span> <span class='ocrx_word' id='word_1_35' title='bbox 584 776 635 825; x_wconf 82' lang='lat' dir='ltr'>ait:</span> <span class='ocrx_word' id='word_1_36' title='bbox 654 777 705 825; x_wconf 86' lang='lat' dir='ltr'>Bo·</span> <span class='ocrx_word' id='word_1_37' title='bbox 742 778 814 828; x_wconf 86' lang='lat' dir='ltr'>ilium</span> <span class='ocrx_word' id='word_1_38' title='bbox 841 780 924 829; x_wconf 88' lang='lat' dir='ltr'>actis:</span> <span class='ocrx_word' id='word_1_39' title='bbox 954 780 1060 831; x_wconf 85' lang='lat' dir='ltr'>Zenone</span> <span class='ocrx_word' id='word_1_40' title='bbox 1091 795 1151 831; x_wconf 83' lang='lat' dir='ltr'>vero</span> <span class='ocrx_word' id='word_1_41' title='bbox 1180 784 1272 833; x_wconf 83' lang='lat' dir='ltr'>Eleate</span> 
     </span>
     <span class='ocr_line' id='line_1_6' title="bbox 173 848 1277 918; baseline 0.012 -22"><span class='ocrx_word' id='word_1_42' title='bbox 173 862 245 897; x_wconf 87' lang='lat' dir='ltr'>ream</span> <span class='ocrx_word' id='word_1_43' title='bbox 256 848 372 898; x_wconf 72' lang='lat' dir='ltr'>verodrl</span> <span class='ocrx_word' id='word_1_44' title='bbox 380 852 424 908; x_wconf 80' lang='grc' dir='ltr'>σῆς</span> <span class='ocrx_word' id='word_1_45' title='bbox 433 853 500 912; x_wconf 72' lang='grc' dir='ltr'><strong><em>βοῆς,</em></strong></span> <span class='ocrx_word' id='word_1_46' title='bbox 511 852 579 916; x_wconf 91' lang='lat' dir='ltr'>quod</span> <span class='ocrx_word' id='word_1_47' title='bbox 590 866 640 901; x_wconf 89' lang='lat' dir='ltr'>uon</span> <span class='ocrx_word' id='word_1_48' title='bbox 649 853 706 902; x_wconf 89' lang='lat' dir='ltr'>siue</span> <span class='ocrx_word' id='word_1_49' title='bbox 743 853 851 918; x_wconf 85' lang='lat' dir='ltr'>aliisque</span> <span class='ocrx_word' id='word_1_50' title='bbox 865 855 972 918; x_wconf 79' lang='lat' dir='ltr'>optimis</span> <span class='ocrx_word' id='word_1_51' title='bbox 991 856 1052 905; x_wconf 83' lang='lat' dir='ltr'>viris</span> <span class='ocrx_word' id='word_1_52' title='bbox 1072 862 1157 907; x_wconf 82' lang='lat' dir='ltr'>morie</span> <span class='ocrx_word' id='word_1_53' title='bbox 1168 857 1277 909; x_wconf 80' lang='lat' dir='ltr'>dumus·</span> 
     </span>
     <span class='ocr_line' id='line_1_7' title="bbox 170 925 883 990; baseline 0.014 -18"><span class='ocrx_word' id='word_1_54' title='bbox 170 925 287 973; x_wconf 83' lang='lat' dir='ltr'>clamore</span> <span class='ocrx_word' id='word_1_55' title='bbox 310 926 394 975; x_wconf 85' lang='lat' dir='ltr'>soleat</span> <span class='ocrx_word' id='word_1_56' title='bbox 412 925 551 975; x_wconf 66' lang='lat' dir='ltr'>intonare!</span> <span class='ocrx_word' id='word_1_57' title='bbox 583 926 704 990; x_wconf 78' lang='lat' dir='ltr'>Ageliius</span> <span class='ocrx_word' id='word_1_58' title='bbox 743 928 787 979; x_wconf 80' lang='lat' dir='ltr'>tis.</span> <span class='ocrx_word' id='word_1_59' title='bbox 808 931 883 982; x_wconf 79' lang='lat' dir='ltr'>Ideni.</span> 
     </span>
     <span class='ocr_line' id='line_1_8' title="bbox 168 998 1276 1069; baseline 0.011 -23"><span class='ocrx_word' id='word_1_60' title='bbox 168 998 214 1048; x_wconf 85' lang='lat' dir='ltr'>lib.</span> <span class='ocrx_word' id='word_1_61' title='bbox 226 1013 258 1048; x_wconf 82' lang='grc' dir='ltr'>ιι,</span> <span class='ocrx_word' id='word_1_62' title='bbox 270 1014 330 1064; x_wconf 84' lang='lat' dir='ltr'>csp.</span> <span class='ocrx_word' id='word_1_63' title='bbox 341 1006 382 1050; x_wconf 69' lang='lat'>22.</span> <span class='ocrx_word' id='word_1_64' title='bbox 398 1000 529 1051; x_wconf 87' lang='lat' dir='ltr'>‘Boream</span> <span class='ocrx_word' id='word_1_65' title='bbox 540 1006 637 1065; x_wconf 78' lang='lat' dir='ltr'>putant</span> <span class='ocrx_word' id='word_1_66' title='bbox 649 1002 705 1052; x_wconf 91' lang='lat' dir='ltr'>dlc-</span> <span class='ocrx_word' id='word_1_67' title='bbox 776 1004 1096 1069; x_wconf 66' lang='lat' dir='ltr'>calomen....0mouosss]</span> <span class='ocrx_word' id='word_1_68' title='bbox 1123 1006 1167 1057; x_wconf 87' lang='lat' dir='ltr'>Itu</span> <span class='ocrx_word' id='word_1_69' title='bbox 1178 1007 1276 1057; x_wconf 84' lang='lat' dir='ltr'>Home·</span> 
     </span>
     <span class='ocr_line' id='line_1_9' title="bbox 171 1077 1278 1148; baseline 0.006 -23"><span class='ocrx_word' id='word_1_70' title='bbox 171 1083 227 1126; x_wconf 91' lang='lat' dir='ltr'>tum</span> <span class='ocrx_word' id='word_1_71' title='bbox 239 1077 286 1126; x_wconf 63' lang='lat' dir='ltr'>tro</span> <span class='ocrx_word' id='word_1_72' title='bbox 295 1079 340 1136; x_wconf 77' lang='grc' dir='ltr'>σῆς</span> <span class='ocrx_word' id='word_1_73' title='bbox 349 1080 418 1140; x_wconf 80' lang='grc' dir='ltr'><strong><em>βοῆς,</em></strong></span> <span class='ocrx_word' id='word_1_74' title='bbox 428 1079 551 1143; x_wconf 85' lang='lat' dir='ltr'>quoniam</span> <span class='ocrx_word' id='word_1_75' title='bbox 563 1080 599 1129; x_wconf 88' lang='lat' dir='ltr'>sit</span> <span class='ocrx_word' id='word_1_76' title='bbox 608 1080 705 1129; x_wconf 85' lang='lat' dir='ltr'>violeu·</span> <span class='ocrx_word' id='word_1_77' title='bbox 741 1093 785 1128; x_wconf 87' lang='lat' dir='ltr'>rus</span> <span class='ocrx_word' id='word_1_78' title='bbox 795 1078 874 1129; x_wconf 88' lang='lat' dir='ltr'>Iliad.</span> <span class='ocrx_word' id='word_1_79' title='bbox 886 1086 912 1130; x_wconf 82' lang='lat' dir='ltr'>r.</span> <span class='ocrx_word' id='word_1_80' title='bbox 921 1079 1026 1141; x_wconf 67' lang='lat' dir='ltr'>adaspios</span> <span class='ocrx_word' id='word_1_81' title='bbox 1036 1080 1182 1145; x_wconf 72' lang='grc' dir='ltr'>σαλςμίζςιν.</span> <span class='ocrx_word' id='word_1_82' title='bbox 1192 1082 1278 1148; x_wconf 77' lang='lat' dir='ltr'>‘Pug-</span> 
     </span>
     <span class='ocr_line' id='line_1_10' title="bbox 170 1151 1275 1220; baseline 0.005 -19"><span class='ocrx_word' id='word_1_83' title='bbox 170 1153 192 1201; x_wconf 82' lang='lat' dir='ltr'>ti</span> <span class='ocrx_word' id='word_1_84' title='bbox 204 1151 284 1202; x_wconf 81' lang='lat' dir='ltr'>flatus</span> <span class='ocrx_word' id='word_1_85' title='bbox 296 1162 325 1203; x_wconf 91' lang='lat' dir='ltr'>et</span> <span class='ocrx_word' id='word_1_86' title='bbox 341 1153 446 1204; x_wconf 64' lang='lat' dir='ltr'>sonori)</span> <span class='ocrx_word' id='word_1_87' title='bbox 480 1155 524 1205; x_wconf 81' lang='lat' dir='ltr'>De</span> <span class='ocrx_word' id='word_1_88' title='bbox 543 1155 641 1205; x_wconf 79' lang='lat' dir='ltr'>honore</span> <span class='ocrx_word' id='word_1_89' title='bbox 659 1156 704 1206; x_wconf 86' lang='lat' dir='ltr'>isti</span> <span class='ocrx_word' id='word_1_90' title='bbox 742 1169 804 1205; x_wconf 88' lang='lat' dir='ltr'>usre</span> <span class='ocrx_word' id='word_1_91' title='bbox 826 1156 957 1219; x_wconf 76' lang='lat' dir='ltr'>puguam’</span> <span class='ocrx_word' id='word_1_92' title='bbox 993 1157 1063 1220; x_wconf 86' lang='lat' dir='ltr'>apud</span> <span class='ocrx_word' id='word_1_93' title='bbox 1092 1158 1216 1209; x_wconf 87' lang='lat' dir='ltr'>Plautum</span> <span class='ocrx_word' id='word_1_94' title='bbox 1248 1160 1275 1208; x_wconf 90' lang='lat' dir='ltr'>iu</span> 
     </span>
     <span class='ocr_line' id='line_1_11' title="bbox 169 1226 1272 1298; baseline 0.007 -23"><span class='ocrx_word' id='word_1_95' title='bbox 169 1226 293 1277; x_wconf 83' lang='lat' dir='ltr'>veutoeb</span> <span class='ocrx_word' id='word_1_96' title='bbox 301 1228 515 1293; x_wconf 75' lang='lat' dir='ltr'>Atheniensibus,</span> <span class='ocrx_word' id='word_1_97' title='bbox 523 1232 635 1292; x_wconf 77' lang='lat' dir='ltr'>Thorils,</span> <span class='ocrx_word' id='word_1_98' title='bbox 646 1232 704 1281; x_wconf 85' lang='lat' dir='ltr'>Me·</span> <span class='ocrx_word' id='word_1_99' title='bbox 741 1230 873 1281; x_wconf 76' lang='lat' dir='ltr'>Pseudolo</span> <span class='ocrx_word' id='word_1_100' title='bbox 884 1231 946 1281; x_wconf 82' lang='lat' dir='ltr'>Act.</span> <span class='ocrx_word' id='word_1_101' title='bbox 959 1245 978 1282; x_wconf 85' lang='lat' dir='ltr'>r.</span> <span class='ocrx_word' id='word_1_102' title='bbox 988 1235 1108 1283; x_wconf 82' lang='lat' dir='ltr'>rceu.ll.‘</span> <span class='ocrx_word' id='word_1_103' title='bbox 1118 1234 1272 1298; x_wconf 71' lang='lat' dir='ltr'><strong>Priusquam</strong></span> 
     </span>
     <span class='ocr_line' id='line_1_12' title="bbox 170 1305 1276 1373; baseline 0.007 -21"><span class='ocrx_word' id='word_1_104' title='bbox 170 1305 322 1368; x_wconf 70' lang='lat' dir='ltr'>galopolitis</span> <span class='ocrx_word' id='word_1_105' title='bbox 340 1306 457 1356; x_wconf 86' lang='lat' dir='ltr'>exhibito</span> <span class='ocrx_word' id='word_1_106' title='bbox 475 1306 555 1356; x_wconf 82' lang='lat' dir='ltr'>habes</span> <span class='ocrx_word' id='word_1_107' title='bbox 572 1306 642 1370; x_wconf 83' lang='lat' dir='ltr'>apud</span> <span class='ocrx_word' id='word_1_108' title='bbox 660 1308 704 1356; x_wconf 68' lang='grc' dir='ltr'>Ε·</span> <span class='ocrx_word' id='word_1_109' title='bbox 740 1306 815 1355; x_wconf 82' lang='lat' dir='ltr'>istem</span> <span class='ocrx_word' id='word_1_110' title='bbox 837 1321 949 1371; x_wconf 75' lang='lat' dir='ltr'>pugnam</span> <span class='ocrx_word' id='word_1_111' title='bbox 971 1310 1105 1373; x_wconf 75' lang='lat' dir='ltr'>pugnabo,</span> <span class='ocrx_word' id='word_1_112' title='bbox 1126 1323 1177 1373; x_wconf 72' lang='lat' dir='ltr'>ego</span> <span class='ocrx_word' id='word_1_113' title='bbox 1197 1310 1276 1360; x_wconf 83' lang='lat' dir='ltr'>etiam</span> 
     </span>
     <span class='ocr_line' id='line_1_13' title="bbox 168 1380 1277 1448; baseline 0.006 -20"><span class='ocrx_word' id='word_1_114' title='bbox 168 1380 232 1429; x_wconf 86' lang='lat' dir='ltr'>lisu.</span> <span class='ocrx_word' id='word_1_115' title='bbox 250 1380 297 1430; x_wconf 89' lang='lat' dir='ltr'>lib.</span> <span class='ocrx_word' id='word_1_116' title='bbox 319 1394 383 1431; x_wconf 85' lang='lat'>111..</span> <span class='ocrx_word' id='word_1_117' title='bbox 399 1382 463 1432; x_wconf 88' lang='lat' dir='ltr'>Var.</span> <span class='ocrx_word' id='word_1_118' title='bbox 484 1382 555 1434; x_wconf 77' lang='lat' dir='ltr'>Hiar.</span> <span class='ocrx_word' id='word_1_119' title='bbox 577 1397 638 1447; x_wconf 79' lang='lat' dir='ltr'>cap.</span> <span class='ocrx_word' id='word_1_120' title='bbox 659 1389 704 1436; x_wconf 80' lang='lat' dir='ltr'>ol.</span> <span class='ocrx_word' id='word_1_121' title='bbox 739 1382 812 1446; x_wconf 87' lang='lat' dir='ltr'>prius</span> <span class='ocrx_word' id='word_1_122' title='bbox 833 1382 911 1433; x_wconf 85' lang='lat' dir='ltr'>Dabo</span> <span class='ocrx_word' id='word_1_123' title='bbox 923 1383 999 1433; x_wconf 85' lang='lat' dir='ltr'>allam</span> <span class='ocrx_word' id='word_1_124' title='bbox 1012 1398 1125 1448; x_wconf 73' lang='lat' dir='ltr'>pugnam</span> <span class='ocrx_word' id='word_1_125' title='bbox 1137 1385 1236 1435; x_wconf 85' lang='lat' dir='ltr'>claram</span> <span class='ocrx_word' id='word_1_126' title='bbox 1249 1393 1277 1435; x_wconf 84' lang='lat' dir='ltr'>et</span> 
     </span>
     <span class='ocr_line' id='line_1_14' title="bbox 171 1456 1275 1512; baseline 0.006 -8"><span class='ocrx_word' id='word_1_127' title='bbox 171 1456 252 1505; x_wconf 81' lang='lat' dir='ltr'>Idm.</span> <span class='ocrx_word' id='word_1_128' title='bbox 739 1460 1009 1511; x_wconf 70' lang='lat' dir='ltr'>corrrmemorabilem!</span> <span class='ocrx_word' id='word_1_129' title='bbox 1052 1460 1159 1512; x_wconf 83' lang='lat' dir='ltr'>Gaudet</span> <span class='ocrx_word' id='word_1_130' title='bbox 1187 1468 1275 1512; x_wconf 82' lang='lat' dir='ltr'>autem</span> 
     </span>
     <span class='ocr_line' id='line_1_15' title="bbox 202 1533 1273 1601; baseline 0.007 -21"><span class='ocrx_word' id='word_1_131' title='bbox 202 1533 239 1580; x_wconf 82' lang='lat' dir='ltr'>Et</span> <span class='ocrx_word' id='word_1_132' title='bbox 256 1535 363 1582; x_wconf 77' lang='lat' dir='ltr'>clausum</span> <span class='ocrx_word' id='word_1_133' title='bbox 382 1539 473 1584; x_wconf 82' lang='lat' dir='ltr'>reseret</span> <span class='ocrx_word' id='word_1_134' title='bbox 490 1534 561 1596; x_wconf 60' lang='lat' dir='ltr'>ders,</span> <span class='ocrx_word' id='word_1_135' title='bbox 590 1536 701 1601; x_wconf 74' lang='lat' dir='ltr'>Emicat]</span> <span class='ocrx_word' id='word_1_136' title='bbox 738 1535 947 1586; x_wconf 69' lang='lat' dir='ltr'>uosterBoitiur</span> <span class='ocrx_word' id='word_1_137' title='bbox 965 1536 1013 1585; x_wconf 89' lang='lat' dir='ltr'>hac</span> <span class='ocrx_word' id='word_1_138' title='bbox 1026 1536 1164 1587; x_wconf 83' lang='lat' dir='ltr'>verborum</span> <span class='ocrx_word' id='word_1_139' title='bbox 1176 1535 1273 1600; x_wconf 74' lang='lat' dir='ltr'>figura·</span> 
     </span>
     <span class='ocr_line' id='line_1_16' title="bbox 169 1606 1276 1673; baseline 0.006 -18"><span class='ocrx_word' id='word_1_140' title='bbox 169 1606 318 1657; x_wconf 79' lang='lat' dir='ltr'>Martianus</span> <span class='ocrx_word' id='word_1_141' title='bbox 330 1609 439 1673; x_wconf 77' lang='lat' dir='ltr'>capellp</span> <span class='ocrx_word' id='word_1_142' title='bbox 449 1610 495 1659; x_wconf 89' lang='lat' dir='ltr'>lib.</span> <span class='ocrx_word' id='word_1_143' title='bbox 504 1624 525 1661; x_wconf 91' lang='lat'>1.</span> <span class='ocrx_word' id='word_1_144' title='bbox 537 1610 570 1659; x_wconf 89' lang='lat' dir='ltr'>de</span> <span class='ocrx_word' id='word_1_145' title='bbox 580 1610 700 1661; x_wconf 75' lang='lat' dir='ltr'>Phoehoz</span> <span class='ocrx_word' id='word_1_146' title='bbox 741 1609 823 1669; x_wconf 83' lang='lat' dir='ltr'>tione,</span> <span class='ocrx_word' id='word_1_147' title='bbox 840 1624 900 1659; x_wconf 88' lang='lat' dir='ltr'>uam</span> <span class='ocrx_word' id='word_1_148' title='bbox 919 1617 948 1659; x_wconf 84' lang='lat' dir='ltr'>et</span> <span class='ocrx_word' id='word_1_149' title='bbox 966 1608 1036 1659; x_wconf 79' lang='lat' dir='ltr'>iufra</span> <span class='ocrx_word' id='word_1_150' title='bbox 1055 1611 1101 1662; x_wconf 87' lang='lat' dir='ltr'>lib.</span> <span class='ocrx_word' id='word_1_151' title='bbox 1113 1625 1146 1661; x_wconf 87' lang='lat' dir='ltr'>rr.</span> <span class='ocrx_word' id='word_1_152' title='bbox 1166 1612 1242 1663; x_wconf 86' lang='lat' dir='ltr'>Pros.</span> <span class='ocrx_word' id='word_1_153' title='bbox 1252 1618 1276 1663; x_wconf 88' lang='lat'>1.</span> 
     </span>
     <span class='ocr_line' id='line_1_17' title="bbox 169 1683 1275 1749; baseline 0.004 -16"><span class='ocrx_word' id='word_1_154' title='bbox 169 1683 276 1749; x_wconf 76' lang='lat' dir='ltr'>‘Atque</span> <span class='ocrx_word' id='word_1_155' title='bbox 287 1685 354 1734; x_wconf 88' lang='lat' dir='ltr'>idem</span> <span class='ocrx_word' id='word_1_156' title='bbox 368 1686 446 1747; x_wconf 87' lang='lat' dir='ltr'>pallio</span> <span class='ocrx_word' id='word_1_157' title='bbox 457 1686 591 1746; x_wconf 82' lang='lat' dir='ltr'>rutilante,</span> <span class='ocrx_word' id='word_1_158' title='bbox 611 1700 643 1734; x_wconf 87' lang='lat' dir='ltr'>ae</span> <span class='ocrx_word' id='word_1_159' title='bbox 662 1700 704 1735; x_wconf 89' lang='lat' dir='ltr'>re·</span> <span class='ocrx_word' id='word_1_160' title='bbox 741 1683 819 1747; x_wconf 83' lang='lat' dir='ltr'>dixit,</span> <span class='ocrx_word' id='word_1_161' title='bbox 835 1684 955 1733; x_wconf 78' lang='lat' dir='ltr'>‘Ludere</span> <span class='ocrx_word' id='word_1_162' title='bbox 974 1684 1084 1747; x_wconf 85' lang='lat' dir='ltr'>ludum,&#39;</span> <span class='ocrx_word' id='word_1_163' title='bbox 1105 1692 1134 1735; x_wconf 85' lang='lat' dir='ltr'>et</span> <span class='ocrx_word' id='word_1_164' title='bbox 1153 1686 1200 1736; x_wconf 87' lang='lat' dir='ltr'>lib.</span> <span class='ocrx_word' id='word_1_165' title='bbox 1213 1687 1275 1738; x_wconf 90' lang='lat' dir='ltr'>eod.</span> 
     </span>
     <span class='ocr_line' id='line_1_18' title="bbox 170 1759 1275 1827; baseline 0.003 -19"><span class='ocrx_word' id='word_1_166' title='bbox 170 1768 256 1827; x_wconf 72' lang='lat' dir='ltr'>serato</span> <span class='ocrx_word' id='word_1_167' title='bbox 267 1760 395 1809; x_wconf 82' lang='lat' dir='ltr'>stellantis</span> <span class='ocrx_word' id='word_1_168' title='bbox 407 1761 461 1822; x_wconf 90' lang='lat' dir='ltr'>poli</span> <span class='ocrx_word' id='word_1_169' title='bbox 478 1760 578 1823; x_wconf 87' lang='lat' dir='ltr'>limine,</span> <span class='ocrx_word' id='word_1_170' title='bbox 597 1760 642 1811; x_wconf 83' lang='lat' dir='ltr'>Sol</span> <span class='ocrx_word' id='word_1_171' title='bbox 660 1776 702 1810; x_wconf 88' lang='lat' dir='ltr'>re·</span> <span class='ocrx_word' id='word_1_172' title='bbox 740 1759 818 1809; x_wconf 85' lang='lat' dir='ltr'>Pros.</span> <span class='ocrx_word' id='word_1_173' title='bbox 829 1764 855 1809; x_wconf 82' lang='lat' dir='ltr'>ll.</span> <span class='ocrx_word' id='word_1_174' title='bbox 866 1759 873 1785; x_wconf 80' lang='lat'><em>⁶</em></span> <span class='ocrx_word' id='word_1_175' title='bbox 886 1760 990 1809; x_wconf 88' lang='lat' dir='ltr'>Oruare</span> <span class='ocrx_word' id='word_1_176' title='bbox 1002 1760 1181 1811; x_wconf 64' lang='lat' dir='ltr'>ornamentis!</span> <span class='ocrx_word' id='word_1_177' title='bbox 1199 1761 1275 1811; x_wconf 77' lang='lat' dir='ltr'>Gre-</span> 
     </span>
     <span class='ocr_line' id='line_1_19' title="bbox 169 1834 1276 1902; baseline 0.004 -19"><span class='ocrx_word' id='word_1_178' title='bbox 169 1836 348 1897; x_wconf 81' lang='lat' dir='ltr'>peuteclurus</span> <span class='ocrx_word' id='word_1_179' title='bbox 360 1835 484 1885; x_wconf 68' lang='lat' dir='ltr'>emicuit?</span> <span class='ocrx_word' id='word_1_180' title='bbox 503 1838 578 1886; x_wconf 82' lang='lat' dir='ltr'>ldesr.</span> <span class='ocrx_word' id='word_1_181' title='bbox 740 1834 779 1886; x_wconf 86' lang='lat' dir='ltr'>cis</span> <span class='ocrx_word' id='word_1_182' title='bbox 800 1834 910 1885; x_wconf 80' lang='lat' dir='ltr'>maxime</span> <span class='ocrx_word' id='word_1_183' title='bbox 929 1835 1059 1885; x_wconf 77' lang='lat' dir='ltr'>familiare</span> <span class='ocrx_word' id='word_1_184' title='bbox 1080 1837 1131 1886; x_wconf 89' lang='lat' dir='ltr'>hoc</span> <span class='ocrx_word' id='word_1_185' title='bbox 1152 1838 1276 1902; x_wconf 84' lang='lat' dir='ltr'>loquendi</span> 
     </span>
     <span class='ocr_line' id='line_1_20' title="bbox 204 1910 1276 1976; baseline 0.001 -15"><span class='ocrx_word' id='word_1_186' title='bbox 204 1910 455 1974; x_wconf 75' lang='lat' dir='ltr'>Oculosrodiisssrit]</span> <span class='ocrx_word' id='word_1_187' title='bbox 479 1912 578 1962; x_wconf 85' lang='lat' dir='ltr'>Ennius</span> <span class='ocrx_word' id='word_1_188' title='bbox 590 1926 611 1961; x_wconf 90' lang='lat'>1.</span> <span class='ocrx_word' id='word_1_189' title='bbox 632 1913 702 1962; x_wconf 76' lang='lat' dir='ltr'>Auo.</span> <span class='ocrx_word' id='word_1_190' title='bbox 740 1925 821 1975; x_wconf 78' lang='lat' dir='ltr'>geuus</span> <span class='ocrx_word' id='word_1_191' title='bbox 830 1925 888 1961; x_wconf 87' lang='lat' dir='ltr'>esse</span> <span class='ocrx_word' id='word_1_192' title='bbox 899 1911 977 1961; x_wconf 80' lang='lat' dir='ltr'>docet</span> <span class='ocrx_word' id='word_1_193' title='bbox 988 1910 1019 1961; x_wconf 85' lang='lat' dir='ltr'>C.</span> <span class='ocrx_word' id='word_1_194' title='bbox 1031 1911 1159 1962; x_wconf 85' lang='lat' dir='ltr'>Rittersh.</span> <span class='ocrx_word' id='word_1_195' title='bbox 1172 1912 1204 1962; x_wconf 85' lang='lat' dir='ltr'>ad</span> <span class='ocrx_word' id='word_1_196' title='bbox 1218 1912 1276 1976; x_wconf 92' lang='lat' dir='ltr'>0p·</span> 
     </span>
     <span class='ocr_line' id='line_1_21' title="bbox 168 1987 959 2053; baseline 0.003 -16"><span class='ocrx_word' id='word_1_197' title='bbox 168 1988 253 2037; x_wconf 82' lang='lat' dir='ltr'>‘Exin</span> <span class='ocrx_word' id='word_1_198' title='bbox 265 1988 376 2038; x_wconf 85' lang='lat' dir='ltr'>candida</span> <span class='ocrx_word' id='word_1_199' title='bbox 384 2002 413 2038; x_wconf 90' lang='lat' dir='ltr'>se</span> <span class='ocrx_word' id='word_1_200' title='bbox 423 1987 502 2037; x_wconf 83' lang='lat' dir='ltr'>radiis</span> <span class='ocrx_word' id='word_1_201' title='bbox 515 1987 590 2037; x_wconf 82' lang='lat' dir='ltr'>dedit</span> <span class='ocrx_word' id='word_1_202' title='bbox 599 1988 651 2037; x_wconf 84' lang='lat' dir='ltr'>ists</span> <span class='ocrx_word' id='word_1_203' title='bbox 662 1987 701 2038; x_wconf 84' lang='lat' dir='ltr'>fo·</span> <span class='ocrx_word' id='word_1_204' title='bbox 740 1991 855 2053; x_wconf 85' lang='lat' dir='ltr'>pianum.</span> <span class='ocrx_word' id='word_1_205' title='bbox 872 1990 959 2041; x_wconf 75' lang='lat' dir='ltr'>Situm.</span> 
     </span>
     <span class='ocr_line' id='line_1_22' title="bbox 170 2062 1275 2129; baseline 0.005 -17"><span class='ocrx_word' id='word_1_206' title='bbox 170 2079 213 2112; x_wconf 82' lang='lat' dir='ltr'>rar</span> <span class='ocrx_word' id='word_1_207' title='bbox 235 2063 301 2114; x_wconf 63' lang='lat' dir='ltr'>lux?</span> <span class='ocrx_word' id='word_1_208' title='bbox 340 2064 419 2113; x_wconf 90' lang='lat' dir='ltr'>Silius</span> <span class='ocrx_word' id='word_1_209' title='bbox 438 2064 485 2114; x_wconf 87' lang='lat' dir='ltr'>lih.</span> <span class='ocrx_word' id='word_1_210' title='bbox 508 2077 552 2113; x_wconf 84' lang='grc' dir='ltr'><strong>ιιι.</strong></span> <span class='ocrx_word' id='word_1_211' title='bbox 585 2064 612 2112; x_wconf 84' lang='lat' dir='ltr'>iu</span> <span class='ocrx_word' id='word_1_212' title='bbox 631 2062 700 2113; x_wconf 80' lang='lat' dir='ltr'>flue:</span> <span class='ocrx_word' id='word_1_213' title='bbox 773 2067 848 2128; x_wconf 74' lang='lat' dir='ltr'>Cujus</span> <span class='ocrx_word' id='word_1_214' title='bbox 865 2066 1031 2129; x_wconf 72' lang='lat' dir='ltr'>hereditatem]</span> <span class='ocrx_word' id='word_1_215' title='bbox 1056 2066 1126 2116; x_wconf 85' lang='lat' dir='ltr'>Huic</span> <span class='ocrx_word' id='word_1_216' title='bbox 1145 2068 1203 2116; x_wconf 87' lang='lat' dir='ltr'>loco</span> <span class='ocrx_word' id='word_1_217' title='bbox 1224 2080 1275 2117; x_wconf 85' lang='lat' dir='ltr'>uon</span> 
     </span>
     <span class='ocr_line' id='line_1_23' title="bbox 118 2138 1273 2205; baseline 0.003 -17"><span class='ocrx_word' id='word_1_218' title='bbox 118 2179 121 2182; x_wconf 92' lang='lat'>.</span> <span class='ocrx_word' id='word_1_219' title='bbox 168 2139 322 2204; x_wconf 84' lang='lat' dir='ltr'>‘Majorque</span> <span class='ocrx_word' id='word_1_220' title='bbox 331 2146 442 2203; x_wconf 79' lang='lat' dir='ltr'>repenle</span> <span class='ocrx_word' id='word_1_221' title='bbox 451 2140 509 2189; x_wconf 81' lang='lat' dir='ltr'>Lux</span> <span class='ocrx_word' id='word_1_222' title='bbox 521 2140 611 2189; x_wconf 87' lang='lat' dir='ltr'>oculos</span> <span class='ocrx_word' id='word_1_223' title='bbox 622 2138 702 2189; x_wconf 70' lang='lat' dir='ltr'>serit!</span> <span class='ocrx_word' id='word_1_224' title='bbox 738 2141 864 2191; x_wconf 82' lang='lat' dir='ltr'>absimilis</span> <span class='ocrx_word' id='word_1_225' title='bbox 874 2142 1063 2205; x_wconf 86' lang='lat' dir='ltr'>haheturapud</span> <span class='ocrx_word' id='word_1_226' title='bbox 1072 2142 1198 2193; x_wconf 89' lang='lat' dir='ltr'>Philostr.</span> <span class='ocrx_word' id='word_1_227' title='bbox 1209 2142 1273 2192; x_wconf 74' lang='lat' dir='ltr'>vito</span> 
     </span>
     <span class='ocr_line' id='line_1_24' title="bbox 171 2216 1275 2281; baseline 0.003 -17"><span class='ocrx_word' id='word_1_228' title='bbox 171 2216 248 2265; x_wconf 71' lang='lat' dir='ltr'>Idem.</span> <span class='ocrx_word' id='word_1_229' title='bbox 536 2235 540 2238; x_wconf 97' lang='lat'>·</span> <span class='ocrx_word' id='word_1_230' title='bbox 739 2216 871 2280; x_wconf 76' lang='lat' dir='ltr'>Apollonii</span> <span class='ocrx_word' id='word_1_231' title='bbox 883 2217 929 2266; x_wconf 90' lang='lat' dir='ltr'>lib.</span> <span class='ocrx_word' id='word_1_232' title='bbox 942 2231 974 2266; x_wconf 86' lang='grc' dir='ltr'>ιι.</span> <span class='ocrx_word' id='word_1_233' title='bbox 992 2222 1104 2281; x_wconf 76' lang='lat' dir='ltr'>cap.12.</span> <span class='ocrx_word' id='word_1_234' title='bbox 1121 2218 1165 2267; x_wconf 91' lang='lat' dir='ltr'>ubl</span> <span class='ocrx_word' id='word_1_235' title='bbox 1177 2217 1275 2267; x_wconf 86' lang='lat' dir='ltr'>Plrrao·</span> 
     </span>
     <span class='ocr_line' id='line_1_25' title="bbox 199 2291 1275 2355; baseline 0.004 -16"><span class='ocrx_word' id='word_1_236' title='bbox 199 2291 332 2343; x_wconf 70' lang='lat' dir='ltr'>Puosaa.</span> <span class='ocrx_word' id='word_1_237' title='bbox 364 2293 445 2342; x_wconf 77' lang='grc' dir='ltr'>Ηααςς·</span> <span class='ocrx_word' id='word_1_238' title='bbox 460 2292 555 2355; x_wconf 78' lang='lat' dir='ltr'>colum]</span> <span class='ocrx_word' id='word_1_239' title='bbox 571 2294 606 2345; x_wconf 79' lang='lat' dir='ltr'>Q.</span> <span class='ocrx_word' id='word_1_240' title='bbox 627 2292 700 2342; x_wconf 82' lang='lat' dir='ltr'>Cart.</span> <span class='ocrx_word' id='word_1_241' title='bbox 739 2299 780 2341; x_wconf 85' lang='lat' dir='ltr'>tes</span> <span class='ocrx_word' id='word_1_242' title='bbox 796 2292 922 2342; x_wconf 89' lang='lat' dir='ltr'>ludorum</span> <span class='ocrx_word' id='word_1_243' title='bbox 934 2294 992 2343; x_wconf 87' lang='lat' dir='ltr'>Rex</span> <span class='ocrx_word' id='word_1_244' title='bbox 1005 2293 1052 2355; x_wconf 84' lang='lat' dir='ltr'>ait,</span> <span class='ocrx_word' id='word_1_245' title='bbox 1061 2292 1120 2341; x_wconf 80' lang='grc' dir='ltr'>τοὺς</span> <span class='ocrx_word' id='word_1_246' title='bbox 1130 2292 1156 2341; x_wconf 76' lang='grc' dir='ltr'>δὲ</span> <span class='ocrx_word' id='word_1_247' title='bbox 1167 2294 1275 2343; x_wconf 75' lang='grc' dir='ltr'><strong><em>πολλοὺς</em></strong></span> 
     </span>
     <span class='ocr_line' id='line_1_26' title="bbox 168 2365 1274 2433; baseline 0.002 -17"><span class='ocrx_word' id='word_1_248' title='bbox 168 2367 215 2417; x_wconf 80' lang='lat' dir='ltr'>lib·</span> <span class='ocrx_word' id='word_1_249' title='bbox 227 2382 256 2417; x_wconf 82' lang='lat' dir='ltr'>v.</span> <span class='ocrx_word' id='word_1_250' title='bbox 267 2368 301 2417; x_wconf 83' lang='lat' dir='ltr'>de</span> <span class='ocrx_word' id='word_1_251' title='bbox 319 2368 387 2418; x_wconf 80' lang='lat' dir='ltr'>Reb.</span> <span class='ocrx_word' id='word_1_252' title='bbox 400 2369 481 2432; x_wconf 76' lang='lat' dir='ltr'>gestia</span> <span class='ocrx_word' id='word_1_253' title='bbox 499 2367 577 2417; x_wconf 81' lang='lat' dir='ltr'>Alex.</span> <span class='ocrx_word' id='word_1_254' title='bbox 595 2367 702 2418; x_wconf 79' lang='lat' dir='ltr'>‘Alium</span> <span class='ocrx_word' id='word_1_255' title='bbox 739 2367 818 2431; x_wconf 69' lang='grc' dir='ltr'><strong>ὥσπερ</strong></span> <span class='ocrx_word' id='word_1_256' title='bbox 828 2365 1005 2418; x_wconf 65' lang='lat' dir='ltr'>archedamus</span> <span class='ocrx_word' id='word_1_257' title='bbox 1013 2368 1072 2417; x_wconf 75' lang='lat' dir='ltr'>adri</span> <span class='ocrx_word' id='word_1_258' title='bbox 1081 2368 1274 2433; x_wconf 68' lang='lat' dir='ltr'>lrdprrmsprflr·</span> 
     </span>
     <span class='ocr_line' id='line_1_27' title="bbox 168 2442 1275 2509; baseline 0.005 -18"><span class='ocrx_word' id='word_1_259' title='bbox 168 2442 241 2492; x_wconf 88' lang='lat' dir='ltr'>domi</span> <span class='ocrx_word' id='word_1_260' title='bbox 252 2457 308 2493; x_wconf 85' lang='lat' dir='ltr'>essa</span> <span class='ocrx_word' id='word_1_261' title='bbox 319 2444 377 2494; x_wconf 86' lang='lat' dir='ltr'>coeli</span> <span class='ocrx_word' id='word_1_262' title='bbox 396 2445 528 2505; x_wconf 82' lang='lat' dir='ltr'>haustum,</span> <span class='ocrx_word' id='word_1_263' title='bbox 544 2444 624 2494; x_wconf 91' lang='lat' dir='ltr'>allum</span> <span class='ocrx_word' id='word_1_264' title='bbox 635 2443 701 2493; x_wconf 89' lang='lat' dir='ltr'>lucis</span> <span class='ocrx_word' id='word_1_265' title='bbox 738 2445 843 2502; x_wconf 76' lang='grc' dir='ltr'><strong>βλῆσθαι</strong></span> <span class='ocrx_word' id='word_1_266' title='bbox 853 2462 881 2493; x_wconf 79' lang='grc' dir='ltr'>σε</span> <span class='ocrx_word' id='word_1_267' title='bbox 893 2444 950 2493; x_wconf 76' lang='grc' dir='ltr'>αὐτὸ</span> <span class='ocrx_word' id='word_1_268' title='bbox 961 2444 1119 2509; x_wconf 66' lang='grc' dir='ltr'>ἀναρμόστως,</span> <span class='ocrx_word' id='word_1_269' title='bbox 1131 2445 1172 2494; x_wconf 75' lang='grc' dir='ltr'>καὶ</span> <span class='ocrx_word' id='word_1_270' title='bbox 1191 2448 1275 2501; x_wconf 70' lang='grc' dir='ltr'>σοβεῖν</span> 
     </span>
     <span class='ocr_line' id='line_1_28' title="bbox 169 2518 1275 2583; baseline 0.004 -16"><span class='ocrx_word' id='word_1_271' title='bbox 169 2520 322 2581; x_wconf 68' lang='lat' dir='ltr'>aspectum!</span> <span class='ocrx_word' id='word_1_272' title='bbox 346 2520 425 2570; x_wconf 82' lang='lat' dir='ltr'>Idem.</span> <span class='ocrx_word' id='word_1_273' title='bbox 738 2518 866 2583; x_wconf 65' lang='grc' dir='ltr'><strong>ἀλλοτρίαν</strong></span> <span class='ocrx_word' id='word_1_274' title='bbox 877 2520 963 2579; x_wconf 74' lang='grc' dir='ltr'><strong>ἐσθῆτα</strong></span> <span class='ocrx_word' id='word_1_275' title='bbox 974 2520 1131 2583; x_wconf 74' lang='grc' dir='ltr'>ἐςισύρσνσας.</span> <span class='ocrx_word' id='word_1_276' title='bbox 1158 2522 1194 2571; x_wconf 86' lang='lat' dir='ltr'>Et</span> <span class='ocrx_word' id='word_1_277' title='bbox 1205 2536 1275 2582; x_wconf 86' lang='lat' dir='ltr'>mox,</span> 
     </span>
     <span class='ocr_line' id='line_1_29' title="bbox 200 2593 1272 2659; baseline 0.003 -15"><span class='ocrx_word' id='word_1_278' title='bbox 200 2594 401 2659; x_wconf 59' lang='lat' dir='ltr'>Superorom</span> <span class='ocrx_word' id='word_1_279' title='bbox 410 2594 518 2658; x_wconf 77' lang='lat' dir='ltr'>delapsu]</span> <span class='ocrx_word' id='word_1_280' title='bbox 541 2593 701 2643; x_wconf 78' lang='lat' dir='ltr'>Themissius</span> <span class='ocrx_word' id='word_1_281' title='bbox 737 2595 770 2644; x_wconf 76' lang='grc' dir='ltr'>Τὸ</span> <span class='ocrx_word' id='word_1_282' title='bbox 791 2593 817 2643; x_wconf 69' lang='grc' dir='ltr'>δὲ</span> <span class='ocrx_word' id='word_1_283' title='bbox 839 2596 999 2659; x_wconf 67' lang='lat' dir='ltr'>circumduci</span> <span class='ocrx_word' id='word_1_284' title='bbox 1018 2598 1072 2658; x_wconf 78' lang='grc' dir='ltr'>ὑμῖν</span> <span class='ocrx_word' id='word_1_285' title='bbox 1089 2596 1150 2658; x_wconf 74' lang='grc' dir='ltr'><strong>οἶμαι</strong></span> <span class='ocrx_word' id='word_1_286' title='bbox 1168 2596 1233 2647; x_wconf 74' lang='grc' dir='ltr'><strong>εἰσιν.</strong></span> <span class='ocrx_word' id='word_1_287' title='bbox 1251 2600 1272 2649; x_wconf 76' lang='lat' dir='ltr'>el</span> 
     </span>
     <span class='ocr_line' id='line_1_30' title="bbox 168 2670 1268 2737; baseline 0.004 -18"><span class='ocrx_word' id='word_1_288' title='bbox 168 2670 246 2720; x_wconf 77' lang='lat' dir='ltr'>Orat.</span> <span class='ocrx_word' id='word_1_289' title='bbox 258 2686 279 2721; x_wconf 86' lang='lat'>1.</span> <span class='ocrx_word' id='word_1_290' title='bbox 294 2670 420 2735; x_wconf 69' lang='grc' dir='ltr'>Σωκράτης</span> <span class='ocrx_word' id='word_1_291' title='bbox 438 2671 465 2721; x_wconf 63' lang='grc' dir='ltr'>δὲ</span> <span class='ocrx_word' id='word_1_292' title='bbox 483 2672 570 2721; x_wconf 74' lang='grc' dir='ltr'><strong><em>ἐκεῖνος</em></strong></span> <span class='ocrx_word' id='word_1_293' title='bbox 581 2673 596 2719; x_wconf 85' lang='lat' dir='ltr'>d</span> <span class='ocrx_word' id='word_1_294' title='bbox 607 2675 701 2735; x_wconf 60' lang='lat' dir='ltr'>mpo-</span> <span class='ocrx_word' id='word_1_295' title='bbox 737 2670 781 2733; x_wconf 71' lang='grc' dir='ltr'>μὲν</span> <span class='ocrx_word' id='word_1_296' title='bbox 790 2670 821 2719; x_wconf 74' lang='grc' dir='ltr'>τὸ</span> <span class='ocrx_word' id='word_1_297' title='bbox 831 2671 931 2734; x_wconf 77' lang='grc' dir='ltr'><strong>νόμισμα</strong></span> <span class='ocrx_word' id='word_1_298' title='bbox 941 2672 1089 2737; x_wconf 73' lang='grc' dir='ltr'><strong>παραφθείροι</strong></span> <span class='ocrx_word' id='word_1_299' title='bbox 1099 2673 1143 2729; x_wconf 77' lang='grc' dir='ltr'><strong><em>τίς,</em></strong></span> <span class='ocrx_word' id='word_1_300' title='bbox 1154 2672 1268 2732; x_wconf 65' lang='lat' dir='ltr'>deoderic-</span> 
     </span>
    </p>
   </div>
   <div class='ocr_carea' id='block_1_3' title="bbox 166 2745 1272 2888">
    <p class='ocr_par' dir='ltr' id='par_1_3' title="bbox 166 2745 1272 2888">
     <span class='ocr_line' id='line_1_31' title="bbox 167 2745 1272 2813; baseline 0.005 -20"><span class='ocrx_word' id='word_1_301' title='bbox 167 2746 250 2794; x_wconf 76' lang='grc' dir='ltr'><strong>νίσιαυ</strong></span> <span class='ocrx_word' id='word_1_302' title='bbox 266 2747 316 2811; x_wconf 67' lang='grc' dir='ltr'>θεία</span> <span class='ocrx_word' id='word_1_303' title='bbox 331 2747 398 2813; x_wconf 64' lang='grc' dir='ltr'><strong><em>μοίρᾳ</em></strong></span> <span class='ocrx_word' id='word_1_304' title='bbox 414 2747 472 2813; x_wconf 63' lang='grc' dir='ltr'>ψῃ</span> <span class='ocrx_word' id='word_1_305' title='bbox 489 2745 660 2811; x_wconf 61' lang='grc' dir='ltr'>παραγενέσθαι</span> <span class='ocrx_word' id='word_1_306' title='bbox 677 2747 702 2796; x_wconf 76' lang='grc' dir='ltr'>ἐς</span> <span class='ocrx_word' id='word_1_307' title='bbox 738 2764 788 2796; x_wconf 78' lang='grc' dir='ltr'>σω</span> <span class='ocrx_word' id='word_1_308' title='bbox 799 2748 877 2798; x_wconf 68' lang='grc' dir='ltr'><strong>αὐτόν.</strong></span> <span class='ocrx_word' id='word_1_309' title='bbox 889 2748 928 2797; x_wconf 78' lang='lat' dir='ltr'>rol</span> <span class='ocrx_word' id='word_1_310' title='bbox 938 2748 1037 2812; x_wconf 69' lang='grc' dir='ltr'>παιδίον,</span> <span class='ocrx_word' id='word_1_311' title='bbox 1049 2749 1072 2797; x_wconf 75' lang='lat' dir='ltr'>si</span> <span class='ocrx_word' id='word_1_312' title='bbox 1085 2765 1124 2798; x_wconf 77' lang='grc' dir='ltr'>τις</span> <span class='ocrx_word' id='word_1_313' title='bbox 1138 2746 1272 2813; x_wconf 71' lang='lat' dir='ltr'>aeapmpd·</span> 
     </span>
     <span class='ocr_line' id='line_1_32' title="bbox 166 2820 1272 2888; baseline 0.002 -17"><span class='ocrx_word' id='word_1_314' title='bbox 166 2820 306 2886; x_wconf 57' lang='lat' dir='ltr'>coporos,</span> <span class='ocrx_word' id='word_1_315' title='bbox 327 2822 484 2873; x_wconf 81' lang='lat' dir='ltr'>‘socrates&#39;</span> <span class='ocrx_word' id='word_1_316' title='bbox 508 2823 621 2888; x_wconf 82' lang='lat' dir='ltr'>denique</span> <span class='ocrx_word' id='word_1_317' title='bbox 637 2824 701 2872; x_wconf 66' lang='grc' dir='ltr'>ι80·</span> <span class='ocrx_word' id='word_1_318' title='bbox 738 2834 815 2886; x_wconf 70' lang='lat' dir='ltr'>porro·</span> <span class='ocrx_word' id='word_1_319' title='bbox 833 2823 956 2882; x_wconf 60' lang='lat' dir='ltr'>hoirrrold¹</span> <span class='ocrx_word' id='word_1_320' title='bbox 967 2823 1272 2886; x_wconf 46' lang='lat' dir='ltr'>dommedardo}</span> 
     </span>
    </p>
   </div>
   <div class='ocr_carea' id='block_1_4' title="bbox 165 2896 1335 4325">
    <p class='ocr_par' dir='ltr' id='par_1_4' title="bbox 165 2896 1335 4251">
     <span class='ocr_line' id='line_1_33' title="bbox 167 2896 1274 2964; baseline 0.002 -19"><span class='ocrx_word' id='word_1_321' title='bbox 167 2896 316 2960; x_wconf 87' lang='lat' dir='ltr'>phronisci&#39;</span> <span class='ocrx_word' id='word_1_322' title='bbox 327 2899 373 2948; x_wconf 88' lang='lat' dir='ltr'>ille</span> <span class='ocrx_word' id='word_1_323' title='bbox 380 2898 449 2948; x_wconf 80' lang='lat' dir='ltr'>filius</span> <span class='ocrx_word' id='word_1_324' title='bbox 460 2899 564 2949; x_wconf 82' lang='lat' dir='ltr'>‘diviua</span> <span class='ocrx_word' id='word_1_325' title='bbox 572 2898 701 2964; x_wconf 79' lang='lat' dir='ltr'>duntaxat</span> <span class='ocrx_word' id='word_1_326' title='bbox 737 2899 783 2957; x_wconf 77' lang='grc' dir='ltr'>τὴν</span> <span class='ocrx_word' id='word_1_327' title='bbox 800 2899 943 2962; x_wconf 70' lang='grc' dir='ltr'><strong>φιλοσοφίαν</strong></span> <span class='ocrx_word' id='word_1_328' title='bbox 961 2898 1175 2960; x_wconf 59' lang='lat' dir='ltr'>decemplices,</span> <span class='ocrx_word' id='word_1_329' title='bbox 1194 2899 1211 2957; x_wconf 75' lang='lat' dir='ltr'>d</span> <span class='ocrx_word' id='word_1_330' title='bbox 1229 2918 1274 2947; x_wconf 80' lang='grc' dir='ltr'>σα-</span> 
     </span>
     <span class='ocr_line' id='line_1_34' title="bbox 168 2972 1272 3039; baseline 0.003 -18"><span class='ocrx_word' id='word_1_331' title='bbox 168 2973 257 3023; x_wconf 85' lang='lat' dir='ltr'>sorte&#39;</span> <span class='ocrx_word' id='word_1_332' title='bbox 288 2974 482 3037; x_wconf 85' lang='lat' dir='ltr'>Philosophiam</span> <span class='ocrx_word' id='word_1_333' title='bbox 497 2976 543 3025; x_wconf 83' lang='lat' dir='ltr'>‘&#39;iu</span> <span class='ocrx_word' id='word_1_334' title='bbox 568 2975 700 3025; x_wconf 88' lang='lat' dir='ltr'>homiuum</span> <span class='ocrx_word' id='word_1_335' title='bbox 737 2972 913 3039; x_wconf 73' lang='grc' dir='ltr'>ρσφθείρσνςας,</span> <span class='ocrx_word' id='word_1_336' title='bbox 939 2974 1014 3024; x_wconf 77' lang='grc' dir='ltr'><strong><em>οὐδεὶς</em></strong></span> <span class='ocrx_word' id='word_1_337' title='bbox 1034 2973 1192 3035; x_wconf 73' lang='grc' dir='ltr'>οἶμαι,νόμος</span> <span class='ocrx_word' id='word_1_338' title='bbox 1217 2977 1272 3039; x_wconf 74' lang='grc' dir='ltr'>παρ’</span> 
     </span>
     <span class='ocr_line' id='line_1_35' title="bbox 167 3048 1269 3117; baseline -0.003 -14"><span class='ocrx_word' id='word_1_339' title='bbox 167 3068 248 3117; x_wconf 74' lang='lat' dir='ltr'>geum</span> <span class='ocrx_word' id='word_1_340' title='bbox 258 3054 394 3115; x_wconf 84' lang='lat' dir='ltr'>delapsam</span> <span class='ocrx_word' id='word_1_341' title='bbox 405 3053 486 3103; x_wconf 80' lang='lat' dir='ltr'>fuisse</span> <span class='ocrx_word' id='word_1_342' title='bbox 502 3061 616 3105; x_wconf 83' lang='lat' dir='ltr'>testatus</span> <span class='ocrx_word' id='word_1_343' title='bbox 635 3054 702 3114; x_wconf 81' lang='lat' dir='ltr'>ert3’</span> <span class='ocrx_word' id='word_1_344' title='bbox 738 3051 876 3113; x_wconf 75' lang='grc' dir='ltr'>ὓμῖνῖσχει,</span> <span class='ocrx_word' id='word_1_345' title='bbox 887 3049 940 3099; x_wconf 74' lang='grc' dir='ltr'>οὐδὲ</span> <span class='ocrx_word' id='word_1_346' title='bbox 959 3049 1069 3113; x_wconf 73' lang='grc' dir='ltr'>ὀρχήσις</span> <span class='ocrx_word' id='word_1_347' title='bbox 1086 3048 1124 3097; x_wconf 68' lang='lat' dir='ltr'>dr&#39;</span> <span class='ocrx_word' id='word_1_348' title='bbox 1137 3048 1269 3100; x_wconf 71' lang='lat' dir='ltr'>adrohsrl·</span> 
     </span>
     <span class='ocr_line' id='line_1_36' title="bbox 165 3126 1270 3197; baseline -0.003 -19"><span class='ocrx_word' id='word_1_349' title='bbox 165 3130 192 3180; x_wconf 87' lang='lat' dir='ltr'>iu</span> <span class='ocrx_word' id='word_1_350' title='bbox 202 3128 327 3192; x_wconf 81' lang='lat' dir='ltr'>Sophiste</span> <span class='ocrx_word' id='word_1_351' title='bbox 344 3128 518 3178; x_wconf 83' lang='lat' dir='ltr'>Plaloulsubi</span> <span class='ocrx_word' id='word_1_352' title='bbox 529 3134 557 3178; x_wconf 92' lang='lat' dir='ltr'>et</span> <span class='ocrx_word' id='word_1_353' title='bbox 569 3129 698 3197; x_wconf 81' lang='lat' dir='ltr'>Prodicus</span> <span class='ocrx_word' id='word_1_354' title='bbox 737 3144 833 3189; x_wconf 78' lang='grc' dir='ltr'>ςαςται,</span> <span class='ocrx_word' id='word_1_355' title='bbox 849 3126 995 3175; x_wconf 86' lang='lat' dir='ltr'>‘Plurimos</span> <span class='ocrx_word' id='word_1_356' title='bbox 1018 3135 1106 3176; x_wconf 85' lang='lat' dir='ltr'>autem</span> <span class='ocrx_word' id='word_1_357' title='bbox 1130 3126 1200 3190; x_wconf 88' lang='lat' dir='ltr'>apud</span> <span class='ocrx_word' id='word_1_358' title='bbox 1227 3140 1270 3176; x_wconf 83' lang='lat' dir='ltr'>ros</span> 
     </span>
     <span class='ocr_line' id='line_1_37' title="bbox 165 3194 1273 3269; baseline -0.001 -15"><span class='ocrx_word' id='word_1_359' title='bbox 165 3206 272 3269; x_wconf 86' lang='lat' dir='ltr'>sapiens</span> <span class='ocrx_word' id='word_1_360' title='bbox 280 3206 341 3254; x_wconf 83' lang='grc' dir='ltr'>θεῖσς</span> <span class='ocrx_word' id='word_1_361' title='bbox 350 3194 457 3255; x_wconf 86' lang='lat' dir='ltr'>dicitur.</span> <span class='ocrx_word' id='word_1_362' title='bbox 492 3203 568 3256; x_wconf 82' lang='lat' dir='ltr'>Quod</span> <span class='ocrx_word' id='word_1_363' title='bbox 580 3204 616 3253; x_wconf 86' lang='lat' dir='ltr'>sit</span> <span class='ocrx_word' id='word_1_364' title='bbox 627 3204 700 3255; x_wconf 85' lang='lat' dir='ltr'>nimi·</span> <span class='ocrx_word' id='word_1_365' title='bbox 738 3218 795 3253; x_wconf 84' lang='lat' dir='ltr'>esse</span> <span class='ocrx_word' id='word_1_366' title='bbox 806 3202 944 3267; x_wconf 84' lang='lat' dir='ltr'>audio,qul</span> <span class='ocrx_word' id='word_1_367' title='bbox 952 3209 1075 3267; x_wconf 83' lang='lat' dir='ltr'>tauquam</span> <span class='ocrx_word' id='word_1_368' title='bbox 1083 3204 1195 3253; x_wconf 87' lang='lat' dir='ltr'>alienam</span> <span class='ocrx_word' id='word_1_369' title='bbox 1205 3204 1273 3253; x_wconf 69' lang='lat' dir='ltr'>rem*</span> 
     </span>
     <span class='ocr_line' id='line_1_38' title="bbox 166 3272 1273 3346; baseline -0.003 -16"><span class='ocrx_word' id='word_1_370' title='bbox 166 3296 223 3330; x_wconf 89' lang='lat' dir='ltr'>rum</span> <span class='ocrx_word' id='word_1_371' title='bbox 242 3280 285 3346; x_wconf 88' lang='lat' dir='ltr'>(ot</span> <span class='ocrx_word' id='word_1_372' title='bbox 302 3282 341 3329; x_wconf 86' lang='lat' dir='ltr'>ait</span> <span class='ocrx_word' id='word_1_373' title='bbox 353 3280 413 3329; x_wconf 87' lang='lat' dir='ltr'>Rex</span> <span class='ocrx_word' id='word_1_374' title='bbox 430 3272 554 3330; x_wconf 83' lang='lat' dir='ltr'>ludorum</span> <span class='ocrx_word' id='word_1_375' title='bbox 568 3282 700 3331; x_wconf 87' lang='lat' dir='ltr'>Phraotes</span> <span class='ocrx_word' id='word_1_376' title='bbox 737 3277 935 3341; x_wconf 72' lang='lat' dir='ltr'>Philosophiam</span> <span class='ocrx_word' id='word_1_377' title='bbox 952 3277 1168 3341; x_wconf 74' lang='lat' dir='ltr'>‘depredantes,</span> <span class='ocrx_word' id='word_1_378' title='bbox 1190 3292 1273 3342; x_wconf 85' lang='lat' dir='ltr'>euque</span> 
     </span>
     <span class='ocr_line' id='line_1_39' title="bbox 166 3343 1271 3422; baseline -0.003 -17"><span class='ocrx_word' id='word_1_379' title='bbox 166 3354 238 3419; x_wconf 87' lang='lat' dir='ltr'>apud</span> <span class='ocrx_word' id='word_1_380' title='bbox 249 3343 374 3405; x_wconf 80' lang='lat' dir='ltr'>Philostr.</span> <span class='ocrx_word' id='word_1_381' title='bbox 385 3356 412 3403; x_wconf 88' lang='lat' dir='ltr'>iu</span> <span class='ocrx_word' id='word_1_382' title='bbox 432 3356 485 3405; x_wconf 79' lang='lat' dir='ltr'>rita</span> <span class='ocrx_word' id='word_1_383' title='bbox 503 3354 636 3419; x_wconf 81' lang='lat' dir='ltr'>Apollonii</span> <span class='ocrx_word' id='word_1_384' title='bbox 654 3355 700 3404; x_wconf 83' lang='lat' dir='ltr'>lib·</span> <span class='ocrx_word' id='word_1_385' title='bbox 737 3364 860 3422; x_wconf 84' lang='lat' dir='ltr'>tauquam</span> <span class='ocrx_word' id='word_1_386' title='bbox 869 3363 942 3407; x_wconf 87' lang='lat' dir='ltr'>veste</span> <span class='ocrx_word' id='word_1_387' title='bbox 954 3358 1045 3420; x_wconf 85' lang='lat' dir='ltr'>inepte</span> <span class='ocrx_word' id='word_1_388' title='bbox 1057 3362 1144 3405; x_wconf 85' lang='lat' dir='ltr'>tamen</span> <span class='ocrx_word' id='word_1_389' title='bbox 1156 3368 1184 3403; x_wconf 88' lang='lat' dir='ltr'>sc</span> <span class='ocrx_word' id='word_1_390' title='bbox 1196 3351 1271 3403; x_wconf 79' lang='lat' dir='ltr'>iudu‘-</span> 
     </span>
     <span class='ocr_line' id='line_1_40' title="bbox 167 3428 1272 3495; baseline -0.001 -16"><span class='ocrx_word' id='word_1_391' title='bbox 167 3444 201 3480; x_wconf 84' lang='lat' dir='ltr'>rr.</span> <span class='ocrx_word' id='word_1_392' title='bbox 212 3444 273 3494; x_wconf 88' lang='lat' dir='ltr'>cap.</span> <span class='ocrx_word' id='word_1_393' title='bbox 285 3428 336 3493; x_wconf 74' lang='lat' dir='ltr'>lu.)</span> <span class='ocrx_word' id='word_1_394' title='bbox 351 3428 471 3479; x_wconf 65' lang='lat' dir='ltr'>dcimam</span> <span class='ocrx_word' id='word_1_395' title='bbox 485 3434 534 3481; x_wconf 75' lang='grc' dir='ltr'>τῶν</span> <span class='ocrx_word' id='word_1_396' title='bbox 549 3430 604 3479; x_wconf 79' lang='grc' dir='ltr'>κατ’</span> <span class='ocrx_word' id='word_1_397' title='bbox 614 3429 700 3493; x_wconf 61' lang='lat' dir='ltr'>tropa</span> <span class='ocrx_word' id='word_1_398' title='bbox 738 3439 822 3495; x_wconf 78' lang='lat' dir='ltr'>cutes,</span> <span class='ocrx_word' id='word_1_399' title='bbox 833 3434 898 3483; x_wconf 88' lang='lat' dir='ltr'>elati</span> <span class='ocrx_word' id='word_1_400' title='bbox 909 3433 1035 3482; x_wconf 87' lang='lat' dir='ltr'>incedunt</span> <span class='ocrx_word' id='word_1_401' title='bbox 1051 3437 1151 3479; x_wconf 85' lang='lat' dir='ltr'>vestem</span> <span class='ocrx_word' id='word_1_402' title='bbox 1170 3428 1272 3478; x_wconf 84' lang='lat' dir='ltr'>trahen-</span> 
     </span>
     <span class='ocr_line' id='line_1_41' title="bbox 167 3504 1295 3573; baseline 0 -20"><span class='ocrx_word' id='word_1_403' title='bbox 167 3522 235 3570; x_wconf 78' lang='grc' dir='ltr'>παυς,</span> <span class='ocrx_word' id='word_1_404' title='bbox 251 3506 391 3567; x_wconf 67' lang='lat' dir='ltr'>‘omnium</span> <span class='ocrx_word' id='word_1_405' title='bbox 408 3521 467 3570; x_wconf 71' lang='lat' dir='ltr'>quae</span> <span class='ocrx_word' id='word_1_406' title='bbox 487 3512 549 3555; x_wconf 86' lang='lat' dir='ltr'>suut</span> <span class='ocrx_word' id='word_1_407' title='bbox 567 3506 637 3570; x_wconf 89' lang='lat' dir='ltr'>apud</span> <span class='ocrx_word' id='word_1_408' title='bbox 648 3505 700 3553; x_wconf 80' lang='lat' dir='ltr'>&#39;ho-</span> <span class='ocrx_word' id='word_1_409' title='bbox 738 3508 911 3555; x_wconf 83' lang='lat' dir='ltr'>tesalieuaru.</span> <span class='ocrx_word' id='word_1_410' title='bbox 944 3504 1127 3567; x_wconf 84' lang='lat' dir='ltr'>Hujusauteru</span> <span class='ocrx_word' id='word_1_411' title='bbox 1138 3504 1295 3573; x_wconf 29' lang='lat' dir='ltr'>melicas-1</span> 
     </span>
     <span class='ocr_line' id='line_1_42' title="bbox 165 3579 1270 3644; baseline 0.001 -15"><span class='ocrx_word' id='word_1_412' title='bbox 165 3580 259 3643; x_wconf 84' lang='lat' dir='ltr'>mines,</span> <span class='ocrx_word' id='word_1_413' title='bbox 270 3580 475 3631; x_wconf 67' lang='lat' dir='ltr'>divinissimum!</span> <span class='ocrx_word' id='word_1_414' title='bbox 498 3581 600 3629; x_wconf 83' lang='lat' dir='ltr'>Seneca</span> <span class='ocrx_word' id='word_1_415' title='bbox 613 3579 699 3643; x_wconf 83' lang='lat' dir='ltr'>Epist.</span> <span class='ocrx_word' id='word_1_416' title='bbox 736 3596 791 3630; x_wconf 83' lang='lat' dir='ltr'>sam</span> <span class='ocrx_word' id='word_1_417' title='bbox 803 3594 860 3631; x_wconf 89' lang='lat' dir='ltr'>esse</span> <span class='ocrx_word' id='word_1_418' title='bbox 879 3580 990 3630; x_wconf 84' lang='lat' dir='ltr'>arbitror</span> <span class='ocrx_word' id='word_1_419' title='bbox 1008 3580 1080 3644; x_wconf 78' lang='lat' dir='ltr'>leges</span> <span class='ocrx_word' id='word_1_420' title='bbox 1098 3586 1209 3631; x_wconf 83' lang='lat' dir='ltr'>vestras.</span> <span class='ocrx_word' id='word_1_421' title='bbox 1241 3580 1270 3630; x_wconf 81' lang='lat' dir='ltr'>Sl</span> 
     </span>
     <span class='ocr_line' id='line_1_43' title="bbox 168 3644 1270 3721; baseline 0.002 -17"><span class='ocrx_word' id='word_1_422' title='bbox 168 3668 215 3704; x_wconf 86' lang='lat' dir='ltr'>xc.</span> <span class='ocrx_word' id='word_1_423' title='bbox 233 3644 316 3707; x_wconf 81' lang='lat' dir='ltr'>‘Quis</span> <span class='ocrx_word' id='word_1_424' title='bbox 333 3655 461 3719; x_wconf 90' lang='lat' dir='ltr'>dubitare,</span> <span class='ocrx_word' id='word_1_425' title='bbox 480 3656 515 3705; x_wconf 91' lang='lat' dir='ltr'>mi</span> <span class='ocrx_word' id='word_1_426' title='bbox 539 3654 635 3715; x_wconf 83' lang='lat' dir='ltr'>Lucili,</span> <span class='ocrx_word' id='word_1_427' title='bbox 654 3658 705 3718; x_wconf 69' lang='lat' dir='ltr'>po·⁴</span> <span class='ocrx_word' id='word_1_428' title='bbox 737 3657 795 3721; x_wconf 91' lang='lat' dir='ltr'>quis</span> <span class='ocrx_word' id='word_1_429' title='bbox 808 3657 876 3707; x_wconf 89' lang='lat' dir='ltr'>euim</span> <span class='ocrx_word' id='word_1_430' title='bbox 888 3658 1016 3706; x_wconf 84' lang='lat' dir='ltr'>nunrisma</span> <span class='ocrx_word' id='word_1_431' title='bbox 1033 3657 1207 3707; x_wconf 84' lang='lat' dir='ltr'>adulterinum</span> <span class='ocrx_word' id='word_1_432' title='bbox 1225 3671 1270 3706; x_wconf 87' lang='lat' dir='ltr'>cu-</span> 
     </span>
     <span class='ocr_line' id='line_1_44' title="bbox 167 3722 1267 3797; baseline 0 -18"><span class='ocrx_word' id='word_1_433' title='bbox 167 3735 231 3793; x_wconf 84' lang='lat' dir='ltr'>test‚</span> <span class='ocrx_word' id='word_1_434' title='bbox 241 3732 302 3795; x_wconf 86' lang='lat' dir='ltr'>quin</span> <span class='ocrx_word' id='word_1_435' title='bbox 317 3732 435 3781; x_wconf 83' lang='lat' dir='ltr'>Deorum</span> <span class='ocrx_word' id='word_1_436' title='bbox 451 3725 633 3781; x_wconf 82' lang='lat' dir='ltr'>immortalium</span> <span class='ocrx_word' id='word_1_437' title='bbox 645 3722 699 3779; x_wconf 87' lang='lat' dir='ltr'>mu·</span> <span class='ocrx_word' id='word_1_438' title='bbox 736 3732 816 3795; x_wconf 86' lang='lat' dir='ltr'>derit,</span> <span class='ocrx_word' id='word_1_439' title='bbox 826 3734 916 3797; x_wconf 84' lang='lat' dir='ltr'>capite</span> <span class='ocrx_word' id='word_1_440' title='bbox 926 3733 1068 3797; x_wconf 86' lang='lat' dir='ltr'>plectitur:</span> <span class='ocrx_word' id='word_1_441' title='bbox 1086 3733 1108 3782; x_wconf 86' lang='lat' dir='ltr'>si</span> <span class='ocrx_word' id='word_1_442' title='bbox 1120 3734 1177 3797; x_wconf 85' lang='lat' dir='ltr'>quis</span> <span class='ocrx_word' id='word_1_443' title='bbox 1189 3732 1267 3782; x_wconf 85' lang='lat' dir='ltr'>etiam</span> 
     </span>
     <span class='ocr_line' id='line_1_45' title="bbox 167 3802 1268 3872; baseline -0.001 -18"><span class='ocrx_word' id='word_1_444' title='bbox 167 3802 353 3871; x_wconf 86' lang='lat' dir='ltr'>uussit,quod</span> <span class='ocrx_word' id='word_1_445' title='bbox 370 3807 493 3856; x_wconf 84' lang='lat' dir='ltr'>vivimus:</span> <span class='ocrx_word' id='word_1_446' title='bbox 511 3808 699 3871; x_wconf 67' lang='lat' dir='ltr'>Philosophiae,</span> <span class='ocrx_word' id='word_1_447' title='bbox 736 3808 863 3872; x_wconf 89' lang='lat' dir='ltr'>pupillum</span> <span class='ocrx_word' id='word_1_448' title='bbox 891 3808 1101 3870; x_wconf 82' lang='lat' dir='ltr'>circumvenerit,</span> <span class='ocrx_word' id='word_1_449' title='bbox 1124 3813 1170 3856; x_wconf 86' lang='lat' dir='ltr'>aut</span> <span class='ocrx_word' id='word_1_450' title='bbox 1196 3806 1268 3853; x_wconf 85' lang='lat' dir='ltr'>aliud</span> 
     </span>
     <span class='ocr_line' id='line_1_46' title="bbox 168 3882 1268 3949; baseline 0.002 -20"><span class='ocrx_word' id='word_1_451' title='bbox 168 3882 240 3945; x_wconf 83' lang='lat' dir='ltr'>quod</span> <span class='ocrx_word' id='word_1_452' title='bbox 258 3882 470 3932; x_wconf 78' lang='lat' dir='ltr'>heue‘sirimm?</span> <span class='ocrx_word' id='word_1_453' title='bbox 514 3883 606 3947; x_wconf 86' lang='lat' dir='ltr'>ltaque</span> <span class='ocrx_word' id='word_1_454' title='bbox 625 3889 698 3932; x_wconf 86' lang='lat' dir='ltr'>tauto</span> <span class='ocrx_word' id='word_1_455' title='bbox 736 3885 869 3949; x_wconf 80' lang='lat' dir='ltr'>quidpiam</span> <span class='ocrx_word' id='word_1_456' title='bbox 879 3884 974 3935; x_wconf 82' lang='lat' dir='ltr'>fecerit</span> <span class='ocrx_word' id='word_1_457' title='bbox 985 3884 1122 3949; x_wconf 87' lang='lat' dir='ltr'>ejusmodi.</span> <span class='ocrx_word' id='word_1_458' title='bbox 1149 3882 1268 3931; x_wconf 88' lang='lat' dir='ltr'>Philoso-</span> 
     </span>
     <span class='ocr_line' id='line_1_47' title="bbox 167 3951 1268 4024; baseline 0.003 -20"><span class='ocrx_word' id='word_1_459' title='bbox 167 3955 226 4018; x_wconf 89' lang='lat' dir='ltr'>plus</span> <span class='ocrx_word' id='word_1_460' title='bbox 233 3951 380 4007; x_wconf 80' lang='lat' dir='ltr'>uosdeber&#39;e</span> <span class='ocrx_word' id='word_1_461' title='bbox 388 3959 449 4007; x_wconf 90' lang='lat' dir='ltr'>huic</span> <span class='ocrx_word' id='word_1_462' title='bbox 457 3972 534 4022; x_wconf 80' lang='lat' dir='ltr'>quam</span> <span class='ocrx_word' id='word_1_463' title='bbox 542 3956 611 4019; x_wconf 91' lang='lat' dir='ltr'>Diis,</span> <span class='ocrx_word' id='word_1_464' title='bbox 618 3970 704 4022; x_wconf 79' lang='lat' dir='ltr'>quau-&#39;</span> <span class='ocrx_word' id='word_1_465' title='bbox 735 3962 804 4024; x_wconf 81' lang='lat' dir='ltr'>phias</span> <span class='ocrx_word' id='word_1_466' title='bbox 817 3976 879 4012; x_wconf 82' lang='lat' dir='ltr'>vero</span> <span class='ocrx_word' id='word_1_467' title='bbox 896 3962 1058 4011; x_wconf 81' lang='lat' dir='ltr'>simulatores</span> <span class='ocrx_word' id='word_1_468' title='bbox 1075 3964 1268 4021; x_wconf 84' lang='lat' dir='ltr'>autcorrupto·</span> 
     </span>
     <span class='ocr_line' id='line_1_48' title="bbox 167 4032 1268 4099; baseline 0.003 -19"><span class='ocrx_word' id='word_1_469' title='bbox 167 4037 196 4080; x_wconf 90' lang='lat' dir='ltr'>to</span> <span class='ocrx_word' id='word_1_470' title='bbox 213 4033 295 4096; x_wconf 83' lang='lat' dir='ltr'>majus</span> <span class='ocrx_word' id='word_1_471' title='bbox 317 4032 469 4084; x_wconf 82' lang='lat' dir='ltr'>beneficium</span> <span class='ocrx_word' id='word_1_472' title='bbox 484 4039 525 4083; x_wconf 86' lang='lat' dir='ltr'>est</span> <span class='ocrx_word' id='word_1_473' title='bbox 543 4033 611 4083; x_wconf 85' lang='lat' dir='ltr'>bona</span> <span class='ocrx_word' id='word_1_474' title='bbox 633 4035 697 4097; x_wconf 86' lang='lat' dir='ltr'>rita,</span> <span class='ocrx_word' id='word_1_475' title='bbox 735 4050 787 4099; x_wconf 88' lang='lat' dir='ltr'>res,</span> <span class='ocrx_word' id='word_1_476' title='bbox 797 4038 868 4086; x_wconf 86' lang='lat' dir='ltr'>uulla</span> <span class='ocrx_word' id='word_1_477' title='bbox 881 4044 910 4086; x_wconf 88' lang='lat' dir='ltr'>ut</span> <span class='ocrx_word' id='word_1_478' title='bbox 921 4035 997 4085; x_wconf 85' lang='lat' dir='ltr'>audio</span> <span class='ocrx_word' id='word_1_479' title='bbox 1008 4034 1077 4097; x_wconf 85' lang='lat' dir='ltr'>apud</span> <span class='ocrx_word' id='word_1_480' title='bbox 1098 4048 1143 4083; x_wconf 81' lang='lat' dir='ltr'>vos</span> <span class='ocrx_word' id='word_1_481' title='bbox 1162 4035 1205 4082; x_wconf 78' lang='lat' dir='ltr'>les</span> <span class='ocrx_word' id='word_1_482' title='bbox 1215 4048 1268 4085; x_wconf 80' lang='lat' dir='ltr'>,co-</span> 
     </span>
     <span class='ocr_line' id='line_1_49' title="bbox 168 4098 1335 4174; baseline 0.003 -19"><span class='ocrx_word' id='word_1_483' title='bbox 168 4121 246 4171; x_wconf 85' lang='lat' dir='ltr'>quam</span> <span class='ocrx_word' id='word_1_484' title='bbox 268 4110 346 4159; x_wconf 77' lang='lat' dir='ltr'>ritai’</span> <span class='ocrx_word' id='word_1_485' title='bbox 377 4110 448 4163; x_wconf 82' lang='lat' dir='ltr'>Quid</span> <span class='ocrx_word' id='word_1_486' title='bbox 467 4109 537 4159; x_wconf 88' lang='lat' dir='ltr'>cuim</span> <span class='ocrx_word' id='word_1_487' title='bbox 555 4110 697 4172; x_wconf 72' lang='lat' dir='ltr'>celestius,</span> <span class='ocrx_word' id='word_1_488' title='bbox 734 4113 818 4174; x_wconf 74' lang='grc' dir='ltr'><strong>ὅσσαι,</strong></span> <span class='ocrx_word' id='word_1_489' title='bbox 828 4101 876 4161; x_wconf 82' lang='lat' dir='ltr'>uec</span> <span class='ocrx_word' id='word_1_490' title='bbox 887 4114 954 4161; x_wconf 87' lang='lat' dir='ltr'>ullus</span> <span class='ocrx_word' id='word_1_491' title='bbox 964 4112 1025 4161; x_wconf 91' lang='lat' dir='ltr'>huic</span> <span class='ocrx_word' id='word_1_492' title='bbox 1043 4112 1081 4161; x_wconf 86' lang='lat' dir='ltr'>rei</span> <span class='ocrx_word' id='word_1_493' title='bbox 1098 4110 1267 4173; x_wconf 82' lang='lat' dir='ltr'>magistratus</span> <span class='ocrx_word' id='word_1_494' title='bbox 1328 4098 1335 4113; x_wconf 74' lang='lat'><strong><em>⁴</em></strong></span> 
     </span>
     <span class='ocr_line' id='line_1_50' title="bbox 165 4183 1108 4251; baseline 0.002 -19"><span class='ocrx_word' id='word_1_495' title='bbox 165 4190 212 4233; x_wconf 82' lang='lat' dir='ltr'>aut</span> <span class='ocrx_word' id='word_1_496' title='bbox 223 4184 261 4246; x_wconf 50' lang='lat' dir='ltr'>ad,</span> <span class='ocrx_word' id='word_1_497' title='bbox 275 4188 349 4236; x_wconf 90' lang='lat' dir='ltr'>Deos</span> <span class='ocrx_word' id='word_1_498' title='bbox 366 4183 601 4251; x_wconf 83' lang='lat' dir='ltr'>propius&#39;accedit,</span> <span class='ocrx_word' id='word_1_499' title='bbox 621 4199 696 4249; x_wconf 80' lang='lat' dir='ltr'>quam</span> <span class='ocrx_word' id='word_1_500' title='bbox 734 4186 896 4250; x_wconf 67' lang='lat' dir='ltr'>preficitur!</span> <span class='ocrx_word' id='word_1_501' title='bbox 917 4186 1006 4237; x_wconf 79' lang='lat' dir='ltr'>Vallis.</span> <span class='ocrx_word' id='word_1_502' title='bbox 1107 4211 1108 4215; x_wconf 63' lang='lat'><em>=</em></span> 
     </span>
    </p>

    <p class='ocr_par' dir='ltr' id='par_1_5' title="bbox 165 4260 1260 4325">
     <span class='ocr_line' id='line_1_51' title="bbox 165 4260 1260 4325; baseline -0.005 -8"><span class='ocrx_word' id='word_1_503' title='bbox 165 4269 244 4318; x_wconf 86' lang='lat' dir='ltr'>homo</span> <span class='ocrx_word' id='word_1_504' title='bbox 254 4266 340 4316; x_wconf 88' lang='lat' dir='ltr'>omnia</span> <span class='ocrx_word' id='word_1_505' title='bbox 349 4280 409 4317; x_wconf 86' lang='lat' dir='ltr'>com</span> <span class='ocrx_word' id='word_1_506' title='bbox 424 4272 498 4317; x_wconf 82' lang='lat' dir='ltr'>recte</span> <span class='ocrx_word' id='word_1_507' title='bbox 512 4263 613 4314; x_wconf 82' lang='lat' dir='ltr'>ratione</span> <span class='ocrx_word' id='word_1_508' title='bbox 634 4262 696 4312; x_wconf 80' lang='lat' dir='ltr'>leoi-</span> <span class='ocrx_word' id='word_1_509' title='bbox 768 4263 842 4325; x_wconf 76' lang='lat' dir='ltr'>star</span> <span class='ocrx_word' id='word_1_510' title='bbox 857 4260 1022 4325; x_wconf 78' lang='lat' dir='ltr'>lmdiluiem]</span> <span class='ocrx_word' id='word_1_511' title='bbox 1048 4260 1116 4311; x_wconf 86' lang='lat' dir='ltr'>Vide</span> <span class='ocrx_word' id='word_1_512' title='bbox 1126 4262 1175 4313; x_wconf 89' lang='lat' dir='ltr'>hac</span> <span class='ocrx_word' id='word_1_513' title='bbox 1187 4260 1221 4311; x_wconf 86' lang='lat' dir='ltr'>de</span> <span class='ocrx_word' id='word_1_514' title='bbox 1231 4277 1260 4311; x_wconf 89' lang='lat' dir='ltr'>rs</span> 
     </span>
    </p>
   </div>
   <div class='ocr_carea' id='block_1_5' title="bbox 0 0 1596 4959">
    <p class='ocr_par' dir='ltr' id='par_1_6' title="bbox 0 0 1596 4959">
     <span class='ocr_line' id='line_1_52' title="bbox 0 0 1596 4959; baseline 0 1"><span class='ocrx_word' id='word_1_515' title='bbox 0 0 1596 4959; x_wconf 95' lang='lat' dir='ltr'> </span> 
     </span>
    </p>
   </div>
  </div>
 </body>
</html>
