3184 4959
294 405 361 472 460
640 419 745 467 urium
770 415 968 466 vauronnu
994 418 1033 465 m

298 571 339 613 tus
354 571 403 624 est,
418 569 446 612 et
464 562 631 612 Consulatum
647 562 767 610 fortassis
787 563 826 610 iu·
862 562 955 610 mentis
977 561 1060 626 (iuter
1086 577 1143 624 qua
1168 561 1247 610 etiam
1270 560 1390 625 Curules)

297 640 400 702 telligit.
418 641 493 688 idem.
861 638 926 686 scite
953 637 1120 686 Cassiodorus
1148 637 1193 685 lib.
1220 650 1258 686 vt.
1289 638 1391 687 Varias.

332 717 443 764 Consules
467 716 551 764 liberos
569 714 632 777 tuor]
657 715 681 763 li
702 715 839 774 ordinarii
863 714 948 762 Form.
961 717 982 760 1.
1016 712 1121 774 ‘Atque
1134 712 1192 762 iden
1205 726 1251 774 per
1270 712 1336 760 illam
1353 713 1391 760 iu·

299 790 422 839 Consules
433 788 506 838 inere
516 795 649 838 annom.
666 789 748 837 adhuc
763 803 825 851 pue-
864 789 1001 837 dictionem
1012 788 1177 836 -Cousulatus
1197 795 1224 837 te
1242 788 1393 837 decoramus

299 866 330 914 ri.
366 865 527 915 Crediderim
543 866 661 928 equidem
681 865 788 914 consilio
799 871 827 913 et
863 862 1014 925 insignibus.
1048 863 1130 923 Pinge
1159 872 1246 912 vastos
1273 864 1391 912 humeros

299 941 379 990 dirctu
390 941 534 1004 Symmachi
545 940 597 1000 ari,
608 941 693 990 omnia
703 941 728 988 iu
737 955 826 989 eornm
864 939 935 987 vario
953 939 1039 987 colore
1059 939 1196 1000 palmata:
1214 937 1324 986 relidam
1340 953 1392 986 ma·

300 1016 441 1066 Consulatu
450 1031 506 1065 esse
515 1024 714 1080 congestaque,
724 1025 828 1066 maneat
864 1028 923 1062 num
942 1014 1070 1064 victoriali
1087 1014 1201 1074 scipione
1216 1013 1392 1062 nobilitatem:

298 1091 374 1140 niodo
385 1107 433 1154 pro
444 1099 578 1154 comperto
589 1092 669 1156 [quod
684 1093 759 1141 aliter
770 1107 827 1141 sen·
865 1091 931 1138 lares
950 1090 1069 1154 proprios
1087 1091 1167 1138 etism
1183 1090 1278 1138 calceis
1299 1089 1394 1138 auratis

299 1167 349 1214 tire
369 1167 505 1230 plerosque
521 1167 608 1230 video]
625 1182 685 1216 vere
705 1169 829 1217 Consules
865 1165 1007 1228 egredere:
1033 1166 1121 1214 sellam
1142 1167 1256 1214 curulem
1280 1181 1327 1228 pro
1347 1180 1394 1214 sua

298 1239 387 1290 fuisse.
414 1240 477 1304 lpse
485 1241 654 1292 disertissime
662 1241 772 1293 affirmat
780 1245 828 1292 hoc
865 1241 1043 1302 magnitudine
1061 1241 1148 1288 multis
1168 1240 1289 1302 gradihus
1310 1241 1395 1289 enisus

297 1315 372 1364 loco:
389 1315 505 1364 siceuim
525 1317 559 1366 nd
574 1331 631 1367 eunt
651 1318 827 1381 Philosophia,
866 1316 992 1366 ascende:
1011 1323 1039 1364 ut
1051 1315 1076 1362 in
1088 1315 1144 1364 ocio
1161 1315 1292 1378 subjectus
1311 1329 1395 1364 mere·

298 1392 454 1442 ‘Poteritue
465 1393 531 1441 illius
541 1394 662 1442 memoria
672 1394 737 1442 lueis
750 1407 828 1456 quun·
866 1391 926 1450 aris,
944 1389 1011 1453 quod
1023 1403 1069 1438 uos
1090 1404 1138 1452 per
1147 1391 1278 1438 'maximos
1294 1389 1395 1440 labores

299 1467 393 1515 talihet
410 1467 583 1530 ingruentium
609 1458 733 1516 malorum
761 1468 828 1516 mole
867 1469 1016 1516 assumimus
1027 1467 1202 1530 imperantes?
1225 1468 1402 1517 Hacsaltenu

300 1543 392 1606 deleri,
413 1558 472 1592 cum
491 1544 555 1591 dnos
583 1544 682 1606 pariter
705 1540 830 1593 Consules
867 1558 899 1592 ex
911 1544 997 1594 Gellio
1017 1551 1045 1592 et
1055 1543 1208 1592 Cassiodoro
1224 1550 1348 1598 annotare
1366 1544 1396 1591 li·

299 1619 397 1667 liberos
409 1625 467 1668 tuos
485 1617 561 1667 domo
582 1619 688 1682 provehi
710 1619 758 1667 suh
779 1617 830 1667 sre-
868 1618 939 1668 huit:
957 1620 1032 1682 plura
1049 1621 1069 1668 si
1088 1621 1157 1668 scire
1179 1619 1322 1682 desideras,
1336 1619 1396 1668 vide

301 1693 408 1758 quentia
419 1700 532 1755 patruni,
542 1693 590 1743 suh
601 1694 684 1756 piebis
696 1694 830 1743 alacritate
868 1693 1058 1758 Antiquitatum
1077 1695 1248 1744 Romanarum
1271 1695 1395 1744 iohannis

301 1770 390 1820 vidisti
400 1788 407 1832 ς
425 1785 483 1819 cum
494 1770 591 1820 eisdem
601 1771 627 1819 i‘n
635 1772 714 1820 Curia
722 1771 831 1820 Curnlcs
868 1770 967 1830 Rosiui,
983 1770 1030 1818 viri
1041 1770 1067 1818 in
1078 1770 1116 1818 his
1127 1771 1210 1818 rebus
1226 1769 1322 1833 eximii,
1338 1769 1396 1818 libri

301 1845 472 1894 insidentibus
494 1851 522 1894 tn
544 1845 622 1907 regine
642 1845 724 1894 lundis
742 1851 831 1894 orator
869 1845 930 1894 noni
942 1854 1022 1908 capnt
1034 1859 1136 1894 nouiim.
1153 1844 1241 1893 Sitrm.

301 1921 398 1982 ingenii
416 1921 524 1983 gloriam
544 1918 724 1982 facttudiaeque
745 1934 832 1969 meru·
903 1921 963 1968 Cum
979 1922 1003 1969 r'n
1021 1921 1094 1982 circo]
1110 1921 1142 1968 lu
1161 1920 1238 1968 Circo
1258 1919 1395 1982 magnilica

301 1997 359 2056 isti3
384 2010 443 2044 eum
462 1996 488 2043 iu
508 1994 583 2043 Circo
602 1994 709 2042 diturum
732 1994 831 2042 medius
867 1996 999 2044 Lndorum
1011 1995 1189 2044 Consularium
1201 1994 1298 2043 functio
1308 1995 1396 2043 ohiba-

301 2072 441 2122 Consulum
468 2069 628 2121 circumfusae
659 2069 831 2118 multitudinis
869 2076 920 2118 tur.
956 2070 984 2118 ln
1013 2070 1120 2118 edendis
1148 2084 1209 2118 vern
1240 2068 1395 2132 ejuscemodi

302 2146 523 2210 exspectationem
535 2145 681 2208 triumphali
693 2146 831 2208 largitione
868 2148 1025 2210 spectaculis
1036 2147 1175 2210 oportebat
1182 2147 1306 2195 Consules
1318 2146 1396 2194 maxi·

303 2219 428 2271 satissiii'
461 2221 495 2270 Et
506 2221 584 2282 paulo
600 2228 668 2282 post,
683 2219 770 2270 ‘Quid
792 2220 832 2270 di·
870 2237 935 2271 inam
946 2235 1022 2284 opum
1034 2223 1133 2285 copiam
1146 2221 1311 2284 profundere,
1328 2228 1397 2270 toto·

303 2309 360 2344 carn
372 2294 645 2355 liberosConstilares,'
662 2295 766 2358 [scribit
779 2297 831 2345 Bo·
870 2312 920 2362 que
940 2298 1011 2347 abisti
1031 2298 1200 2361 patrimonio:
1217 2297 1330 2360 alioquin
1346 2311 1396 2344 uon

303 2370 370 2420 iitius
389 2377 448 2434 post
465 2385 552 2418 eorum
561 2371 832 2435 Consulatuur]‘quo·
869 2381 991 2436 poterant
1014 2373 1080 2436 grnti
1105 2387 1161 2420 esse
1184 2373 1288 2434 populo,
1314 2385 1397 2434 neque

304 2446 430 2508 rmnjam,
448 2448 513 2496 sitin
529 2446 556 2494 id
575 2447 660 2495 etatis
680 2448 773 2508 pueris,
791 2449 833 2498 vel
871 2451 953 2499 rideri
972 2450 1034 2498 satia
1060 2449 1167 2512 impiere
1189 2463 1324 2512 personam
1346 2463 1398 2498 um-

304 2523 405 2586 paterui
416 2523 457 2570 rel
468 2521 530 2570 aviti
542 2522 674 2584 specimen
691 2523 778 2570 elucet
794 2524 832 2572 in·
869 2526 977 2588 piissimi
989 2525 1166 2587 Magistratus.
1198 2524 1267 2572 Vide
1285 2524 1319 2573 G.
1338 2525 1399 2572 For·

305 2598 399 2660 geuiii'
431 2598 454 2645 E
465 2597 540 2646 domo
551 2597 630 2658 patris
644 2595 756 2658 proiecti
772 2604 833 2647 siant
870 2601 966 2648 nerium
978 2601 1004 2647 iu
1018 2601 1092 2649 Notis
1109 2601 1141 2647 ad
1153 2599 1296 2648 cassiodor.
1313 2601 1400 2660 Epist·

306 2673 438 2736 frequenti
448 2680 550 2730 senatu,
566 2671 680 2719 incuria
694 2672 770 2719 sellas
781 2673 832 2721 Cn·
869 2680 892 2723 2.
903 2677 1005 2725 variar.
1018 2676 1061 2724 lin.
1076 2689 1106 2724 u.
1119 2676 1162 2722 Fr.
1171 2675 1290 2724 Juretum
1301 2677 1326 2724 in
1335 2675 1399 2724 Mis·

304 2749 375 2796 rules
395 2746 609 2806 conscenderunt,
629 2760 677 2807 pro
696 2759 727 2793 eo
748 2746 832 2808 digni·
870 2752 930 2799 cell.
944 2751 976 2798 ad
988 2751 1132 2814 Syumracli.
1153 2749 1245 2799 lihtv.
1261 2752 1343 2812 Epist.
1356 2755 1398 2800 61.

306 2829 361 2871 tate
390 2828 466 2881 pater
486 2819 674 2869 Theodericum
699 2820 832 2869 absentem
871 2826 1075 2888 anac.adt.C.
1095 2827 1265 2888 Despectac.
1283 2835 1311 2874 et
1327 2839 1399 2874 seen.

306 2897 433 2953 laudarit,
448 2896 475 2944 iu
486 2896 561 2945 Circo
578 2896 653 2944 ludos
672 2902 699 2946 et
718 2899 833 2960 largitio·
871 2909 899 2951 et
919 2904 970 2952 ten,
983 2904 1060 2952 Alex.
1082 2904 1115 2952 ah
1133 2902 1293 2964 Alexandro,
1307 2903 1350 2952 lib.
1362 2916 1402 2952 tr.

307 2988 366 3022 uem
382 2973 563 3033 exhibuerunt,
580 2980 673 3021 exacto
691 2973 834 3022 Constdatu
872 2979 974 3029 Genial.
994 2979 1058 3028 dier.
1077 2993 1136 3041 cap.
1154 2984 1196 3028 25.
1212 2980 1246 3028 Et
1260 2980 1313 3030 Jul.
1332 2981 1400 3029 Caes.

276 3078 284 3097 s
307 3050 462 3100 Consulares
479 3049 663 3097 nominantur:
678 3048 757 3110 igitur
770 3050 837 3098 Con·
873 3054 1046 3117 Buleugerum
1072 3055 1105 3103 de
1131 3056 1266 3105 venatione
1285 3057 1354 3106 Circi
1373 3064 1401 3105 et

308 3124 470 3174 sulesfuere.
504 3125 581 3175 Quod
592 3123 728 3173 cosilirrnet
744 3131 836 3173 auctor
874 3129 1073 3193 Amphitheatri.
1107 3132 1216 3181 Unicum
1234 3133 1277 3182 hic
1294 3132 1400 3181 subnec-

309 3200 381 3250 Hist.
409 3199 534 3248 Miscellre
562 3199 606 3247 lib.
629 3212 674 3247 xv.
703 3200 762 3247 sium
790 3201 837 3261 ait,
874 3211 926 3252 tam
938 3205 1021 3252 locum
1034 3219 1066 3251 ex
1078 3205 1222 3254 cassiodori
1235 3207 1336 3256 Varias.
1356 3206 1401 3256 lib.

309 3275 426 3323 ‘Theou
437 3274 615 3336 Symmachum
626 3273 797 3320 ExcousuIeut
806 3289 837 3322 ac
876 3291 905 3327 tr.
918 3279 1004 3338 Epist.
1013 3283 1038 3327 2.
1056 3279 1081 3324 in
1099 3293 1149 3342 qua
1159 3279 1332 3329 Theudoricus
1344 3283 1401 3330 Rex

309 3351 461 3411 Patricium,
477 3358 505 3398 et
517 3349 641 3420 ‘Boe'timn
660 3348 787 3396 seniorem
811 3355 839 3398 et
876 3353 989 3402 Felicem
1002 3352 1034 3401 ad
1044 3351 1172 3414 fastigium
1187 3353 1341 3414 dignitatum
1360 3371 1401 3404 qr.

311 3423 747 3490 Exconsulemglailiotrucidarit!
780 3424 838 3474 Nisi
876 3430 974 3492 dinarie
1010 3443 1171 3492 promovens,
1203 3429 1240 3478 sie
1271 3431 1401 3494 loquitur:

311 3504 378 3552 enirn
390 3504 497 3553 Boetius
503 3504 591 3565 junior
601 3500 839 3565 Excousulinisset‚
875 3507 967 3555 ‘Sume
986 3507 1064 3569 igitur
1082 3518 1128 3567 per
1142 3505 1306 3556 indictionem
1326 3521 1401 3571 quar·

312 3578 355 3639 qui
367 3591 473 3626 necesse
483 3576 535 3625 fuit
547 3585 646 3639 patrem
657 3577 776 3625 Βοὲῑίῑῑω
787 3578 839 3625 Ex·
877 3590 929 3632 tam
941 3581 1095 3630 Consulatus
1104 3581 1227 3644 iusignia:
1246 3583 1402 3646 dignumque

313 3653 756 3715 cousulem‚seuioremnuncuparet
765 3654 839 3705 idem.
878 3663 904 3704 te
917 3663 1045 3704 tantorum
1057 3655 1192 3706 desideriis
1203 3659 1322 3721 prasenti
1334 3673 1402 3708 corn-

346 3727 736 3789 inconvenientissimum]
753 3726 839 3790 Agell.
878 3732 959 3796 proba
970 3733 1100 3794 largitate.
1135 3734 1401 3797 Hicprofectolocns

314 3811 359 3859 lib.
377 3821 421 3858 tn.
437 3823 459 3856 c.
477 3810 517 3855 18.
537 3820 570 3853 es
590 3806 786 3855 Commentariis
808 3807 838 3856 C.
878 3812 926 3866 est,
943 3806 988 3854 ubi
1000 3808 1157 3869 preconium
1169 3816 1282 3856 meretur
1293 3807 1401 3858 effusio:

314 3887 407 3936 Bessi:
427 3885 582 3933 ‘Senatores
592 3881 657 3930 dicit
677 3881 703 3929 iu
723 3891 838 3931 veteriuu
868 3879 978 3944 'quando
990 3882 1091 3933 virtum
1106 3898 1185 3947 genus
1204 3890 1254 3941 est,
1271 3883 1401 3945 propriam

314 3969 402 4023 atate,
412 3961 455 4025 qui
467 3959 587 4010 Cntnlem
596 3957 772 4019 magistratum
784 3973 840 4020 ges·
878 3959 1045 4010 substantiam
1064 3976 1114 4011 unu
1134 3975 1225 4020 amare,
1241 3959 1284 4008 uhi
1302 3965 1402 4010 tantum

313 4037 416 4099 sissent,
431 4050 506 4085 curru
528 4035 618 4084 solitos
636 4034 737 4082 honoris
755 4035 841 4096 gratia
879 4035 1004 4097 opinionis
1016 4038 1165 4101 acquiritur,
1180 4043 1304 4099 quantum
1322 4035 1403 4086 iacul-

315 4115 342 4162 iu
353 4113 457 4162 citriam
477 4112 542 4173 vehi,
558 4111 584 4159 in
604 4125 654 4175 quo
674 4125 751 4159 curru
772 4111 841 4160 setta
879 4108 975 4158 tatibus
985 4110 1129 4172 abrogatur.
1163 4111 1272 4173 Respice
1285 4119 1311 4160 te
1326 4126 1403 4176 supra

313 4195 393 4247 esset,
408 4203 465 4251 quse
482 4186 514 4236 ob
533 4201 589 4235 eam
607 4201 721 4236 cannam
740 4187 841 4236 Coralis
879 4185 991 4234 omnium
1003 4186 1119 4234 hiuneros
1131 4193 1208 4249 atque
1222 4201 1267 4234 ora
1278 4189 1401 4238 volitare:

316 4260 480 4326 appellator!
514 4260 552 4309 De
568 4261 750 4313 Cousuimhus
766 4275 840 4314 orus·
880 4262 1007 4326 talemque
1019 4268 1045 4310 te
1057 4260 1290 4326 prehe,utdiguns
1301 4277 1404 4326 genere,
