3184 4959
312 383 379 450 ³92
658 399 811 450 norrun
836 399 885 450 on
907 399 1061 450 corson.

313 545 416 623 uiant,
429 544 512 610 nihil
528 551 650 622 tamen,
665 551 703 610 nt
716 544 896 621 evenirent,
915 546 967 609 sui
981 552 1103 609 natura
1113 545 1329 611 necessitatis
1342 543 1401 611 aaa

313 646 445 711 baisse:
468 647 558 730 quod
573 647 650 710 hinc
665 646 763 712 facile
779 646 967 730 perpendas
982 646 1106 710 licebit.
1147 647 1250 712 Plura
1264 647 1402 725 etenim,

311 747 392 812 dum
406 747 500 825 liunt,
515 749 666 832 subjecta
679 749 786 812 oculis
809 748 991 812 intuemur:
1023 753 1061 811 ut
1084 765 1125 811 ea
1138 765 1216 830 quae
1239 748 1273 810 in
1294 748 1402 830 quad-

312 849 412 932 rigis⁶
432 849 643 914 moderandis
667 858 769 932 atque
794 849 968 914 flectendis
983 848 1091 913 iacere
1105 854 1301 930 spectantur
1315 850 1402 913 auri*

312 969 380 1034 gae:
404 957 505 1034 atque
521 951 564 1016 ad
578 951 665 1015 hunc
679 951 814 1016 modum
833 958 955 1016 cetera.
999 951 1094 1014 Num
1106 951 1207 1032 igitur
1219 948 1402 1039 quicquam

312 1052 444 1116 illorum
460 1054 510 1118 ita
524 1051 593 1116 fieri
606 1053 793 1118 necessitas
809 1054 880 1117 nlla
895 1053 1088 1135 compellit?
1111 1050 1263 1115 Minime.
1301 1050 1402 1114 Frus-

312 1159 365 1218 tra
377 1154 463 1216 euim
479 1157 589 1218 esset⁵
611 1156 691 1219 artis
706 1155 858 1230 effectus,
874 1155 905 1216 si
919 1155 1032 1218 omnia
1047 1158 1166 1217 coacta
1178 1158 1401 1216 moverentur.

313 1253 401 1332 Quae
416 1256 524 1336 igitur,
536 1274 614 1320 cum
626 1254 723 1331 fiunt,
736 1261 848 1320 carent
863 1255 1033 1318 existendi
1042 1254 1258 1329 necessitato,
1272 1253 1404 1330 eadem,

311 1355 407 1440 prius
436 1375 539 1439 quam
564 1357 655 1432 fiant,
687 1356 760 1419 sine
785 1356 990 1420 necessitate
1022 1356 1131 1420 sutura
1153 1360 1241 1420 sunt
1287 1354 1401 1432 Quare

310 1462 385 1522 sunt
399 1458 553 1540 quaedam
567 1461 726 1520 eventura
739 1475 880 1538 quorum
895 1458 1010 1520 exitus
1025 1458 1068 1520 ab
1090 1457 1181 1520 omni
1200 1455 1403 1520 necessitate

311 1559 357 1622 sit
371 1559 554 1624 absolutus.
607 1558 698 1622 Nam
728 1558 812 1621 illud
840 1557 973 1641 quidem
1001 1558 1129 1621 nullum
1158 1558 1300 1622 arbitror
1324 1569 1401 1622 esse

310 1659 487 1736 dicturum,
503 1660 595 1743 quod
608 1679 687 1743 quae
703 1677 789 1723 nnnc
803 1660 896 1736 liunt,
916 1661 1010 1743 prius
1023 1677 1126 1744 quam
1151 1658 1277 1734 fierent,
1300 1678 1402 1722 even·

310 1767 465 1826 turanon
481 1762 614 1826 inerint.
669 1759 759 1827 Haec
789 1763 889 1844 igitur
918 1762 1019 1827 etiam
1045 1762 1250 1844 praecognita
1274 1760 1400 1824 liberos

310 1862 433 1928 hahent
458 1870 604 1927 eventus
651 1862 743 1928 Nam
770 1864 859 1928 sicut
888 1863 1026 1928 scientia
1052 1860 1289 1947 praesentinm⁶
1316 1861 1400 1926 nihil

310 1963 452 2046 hisquae
466 1964 558 2041 fiunt,
571 1965 620 2028 ita
633 1963 845 2045 praescientia
861 1962 1047 2027 futurorum
1068 1963 1151 2027 nihil
1162 1963 1216 2027 his
1229 1982 1306 2046 qnae
1320 1981 1399 2026 vene

310 2070 386 2128 turo
399 2072 486 2141 sunt,
502 2063 717 2129 necessitatis
737 2065 920 2146 importat.t
963 2065 1031 2128 Sed
1045 2065 1123 2142 hoc,
1138 2065 1262 2148 inquis,
1287 2063 1400 2146 ipsnnr

307 2165 488 2243 dubitatur,
516 2185 559 2230 an
582 2185 697 2232 earum
723 2187 843 2245 rerum,
866 2187 945 2250 quae
967 2169 1178 2232 necessarios
1201 2167 1314 2231 exitus
1334 2183 1399 2230 non

307 2266 439 2344 habent,
454 2267 521 2332 ulla
546 2267 655 2349 possit
676 2287 749 2332 esse
763 2269 938 2351 praenotio.
984 2268 1190 2332 Dissonare‘
1210 2269 1334 2332 etenim
1347 2266 1398 2332 ri·

309 2368 444 2435 dentur:
466 2377 645 2454 putasque,
658 2370 687 2433 si
698 2370 959 2452 praevideantur,
974 2369 1133 2451 consequi
1145 2369 1398 2447 necessitatem

309 2469 340 2532 si
355 2472 535 2536 necessitas
549 2470 644 2548 desit,
657 2471 790 2534 minime
806 2470 960 2553 praesciri
973 2489 982 2551 ;
1002 2470 1150 2553 nihilque
1160 2470 1299 2534 scientia
1308 2489 1397 2534 com·

309 2571 469 2652 prehendi
484 2591 587 2654 posse
613 2572 680 2635 nisi
704 2577 843 2636 certum.
888 2570 991 2648 Quod
1005 2573 1036 2635 si
1060 2590 1136 2653 qnae
1155 2571 1298 2634 incerti⁷
1319 2576 1399 2634 sunt

308 2672 429 2749 exitus,
443 2691 483 2736 ea
504 2672 603 2754 quasi
627 2677 718 2736 certa
745 2671 968 2755 providemus·
995 2671 1163 2753 opinionis
1187 2669 1340 2736 constat⁸
1361 2669 1398 2734 id

308 2788 384 2833 esse
408 2769 609 2854 caliginem!
629 2789 698 2836 non
722 2772 873 2836 scientim
889 2771 1076 2835 veritatem.
1121 2769 1234 2835 Aliter
1251 2772 1337 2835 enim
1353 2791 1395 2837 ac

305 2889 386 2937 sese
401 2889 455 2937 res
472 2873 619 2938 haheat⁹
639 2872 815 2948 arbitrari}
835 2873 878 2936 ab
902 2872 1091 2954 integritate
1117 2871 1264 2935 scientiae
1289 2873 1398 2937 credis

304 2991 380 3038 esse
395 2973 573 3040 diversum.
623 2970 730 3056 eujus
757 2974 876 3038 erroris
904 2979 1037 3036 causa'
1073 2978 1136 3050 est,
1165 2971 1258 3055 quod
1285 2973 1397 3036 omnia

308 3094 386 3157 quse
402 3075 544 3158 quisque
570 3076 677 3154 novit,
702 3075 915 3158 exipsorum
939 3079 1070 3138 tantum
1093 3075 1130 3138 vi
1158 3081 1258 3157 atque
1280 3078 1401 3138 natura

305 3176 467 3254 cognosci
479 3176 649 3239 existimat
663 3196 740 3258 quse
755 3177 928 3239 sciuntur:
960 3175 1053 3258 quod
1072 3182 1179 3238 totum
1196 3179 1312 3239 contra
1334 3181 1395 3239 est.

302 3379 453 3433 acm,
534 3377 653 3442 elusere.
733 3378 884 3442 ‘Pomm
955 3377 1170 3432 foraneitatem.
1243 3383 1394 3435 erarem.

760 3523 939 3548 ‘mm‘

302 3617 363 3670 enim
373 3633 421 3668 erse
431 3618 528 3681 Delph.
540 3617 675 3682 Hsclc-o
691 3620 755 3668 Mor.
773 3625 802 3667 et
820 3619 879 3669 edd.
898 3619 1047 3683 prodictu:
1064 3636 1086 3671 r.
1102 3623 1257 3686 muntiant
1273 3638 1394 3673 nm.—

273 3691 277 3702 ’
303 3689 320 3734 t
337 3682 457 3731 ‘Thoan
475 3681 617 3730 secundus:
633 3682 715 3744 quitor
729 3682 831 3732 imerii.-
848 3696 899 3731 non
911 3684 994 3731 male'
1015 3684 1151 3736 Vallia—e
1167 3689 1283 3754 Uterque
1294 3688 1393 3737 Thoen·

302 3747 370 3812 Reg-
380 3746 452 3796 Vict.
469 3743 650 3808 senonenses
668 3745 728 3794 edd.
744 3746 842 3810 Delph.
858 3752 887 3795 et
902 3746 989 3796 Hack.
1010 3749 1133 3800 omittunt
1150 3767 1240 3806 vocem
1260 3755 1392 3800 comat.-

791 3867 901 3925 NOTAE
955 3899 960 3904 -

333 3993 350 4020 '
361 3987 435 4048 cidus
450 3985 537 4036 erroris
550 3984 632 4049 mam]
654 3999 692 4036 1v.
708 3984 825 4035 Philoso·
863 3999 1029 4052 coguosceus,
1039 3993 1094 4039 tom
1109 3989 1217 4040 materis
1235 4003 1390 4054 cognoscor.

299 4064 361 4130 phla
377 4062 501 4124 ostendit,
519 4061 638 4127 praedicti
654 4061 748 4113 erroris
764 4075 825 4112 cau·
866 4061 910 4124 da,
924 4062 1043 4125 predicti
1053 4062 1229 4113 Provldentire
1239 4064 1333 4117 diriore
1344 4070 1390 4120 sd·

300 4153 354 4190 sam
369 4139 395 4188 in
406 4153 436 4188 eo
452 4137 559 4199 versari,
569 4138 637 4201 quod
648 4151 706 4188 oum
717 4135 751 4186 sd
762 4151 824 4201 cog·
863 4137 970 4189 romarii
987 4140 1173 4202 praenotionem
1191 4138 1305 4191 divinum
1322 4143 1391 4194 secl·

301 4213 458 4266 noscendum
476 4213 621 4266 necessaria
637 4213 741 4264 niteam
751 4225 824 4263 mens
862 4212 936 4278 punt
960 4213 1101 4264 secundnm
1128 4219 1248 4266 mmmm
1272 4218 1388 4272 malmin
