3184 4959
312 421 377 487 tte
657 438 811 486 nostrus
837 438 886 486 nn
910 436 1063 486 consor„

352 578 463 660 Tigris
476 584 513 642 et
526 574 734 661 Euphrates‘
752 598 819 643 uno
835 599 871 643 so
884 580 973 645 tonte
988 580 1167 658 resolvunt,
1271 622 1272 625 =

396 679 441 743 Et
454 698 535 744 mox
546 678 711 762 abjunctis
724 679 943 744 dissociantur
957 680 1068 764 aquis.

353 782 391 845 Si
406 780 539 858 coeant,
554 799 756 864 cursumque
770 782 888 846 iterum
901 788 1094 847 reuocentur
1106 783 1141 846 in
1160 800 1275 859 unum,
1381 785 1405 846 5

396 880 552 948 Confluat
565 882 683 946 alterni
697 884 789 965 quod
805 884 902 948 trahit
916 883 1002 947 unda
1011 884 1089 947 vadi
1102 892 1132 949 :⁸

351 981 580 1047 Conveniant⁷
601 999 743 1065 puppes,
758 988 793 1048 et
807 986 894 1048 vulsi
909 982 1044 1049 flumine
1060 985 1181 1061 trunci,

395 1082 569 1165 Mistaque
583 1083 738 1147 fortuitos
751 1085 898 1167 implicet
913 1076 1002 1149 [inda
1014 1085 1155 1149 modos:

307 1300 485 1363 insequentium,
494 1303 618 1364 statimque
627 1303 673 1350 dno
684 1301 726 1349 illu
736 1300 841 1363 flemina
857 1308 998 1363 separantur
1015 1303 1064 1351 suis
1079 1303 1146 1364 equis
1156 1302 1247 1351 dinish.
1283 1302 1313 1351 st
1323 1316 1403 1351 conoe·

307 1365 406 1413 niantet
414 1380 507 1413 rursum
518 1366 658 1425 redigentur
668 1366 695 1412 r'n
711 1379 782 1413 unnsn
790 1379 893 1423 sermm,
905 1372 954 1413 tum
965 1368 1025 1427 quod
1033 1380 1094 1429 oque
1104 1366 1224 1429 utriusque
1233 1366 1308 1429 fluuii
1318 1366 1402 1425 defert,

308 1429 367 1478 tuse
377 1429 448 1477 eeitit
454 1447 465 1488 ,·
475 1443 548 1491 prere
557 1442 629 1478 mnes
638 1428 762 1491 enseque
769 1428 945 1493 streptiflasio
952 1430 1055 1493 cottae,
1065 1434 1088 1478 et
1096 1444 1170 1493 ,mare
1178 1431 1402 1507 permistoeeonsun·

764 1584 946 1606 mm

340 1690 355 1733 t
372 1684 469 1735 Thoan.
480 1684 618 1748 secundus,
627 1685 691 1749 Reg.
701 1684 803 1737 etViet
816 1686 962 1738 secundus:
981 1686 1135 1736 Conuenient.

800 1852 906 1903 NOTAE

338 1989 469 2051 futgrtsee
484 1986 625 2050 Euphrates]
635 1988 835 2051 Tigris,ncele·
876 1995 944 2052 runt,
956 1991 1007 2040 duo
1019 1990 1097 2039 millia
1115 1997 1142 2039 et
1160 1988 1302 2054 quingenta
1318 1990 1401 2039 stadia

308 2066 388 2114 ritate
404 2065 442 2113 sie
468 2064 554 2113 dietus
578 2070 688 2126 propter
714 2063 835 2124 sagittam
875 2068 972 2114 emensi
982 2068 1053 2129 stum,
1062 2066 1106 2131 qui
1123 2065 1306 2127 amplissimum
1323 2066 1402 2117 inter·-

306 2141 415 2190 Persiea
430 2138 520 2201 lingua
536 2140 724 2201 cognominem,
738 2136 835 2188 flumen
876 2142 970 2189 vallum
982 2142 1052 2190 eires
1062 2142 1193 2190 Armeniae
1213 2150 1314 2191 montes
1325 2151 1400 2192 nota-

306 2224 358 2277 est,
373 2215 442 2279 quod
459 2213 543 2262 oritur
559 2213 586 2261 in
597 2213 729 2274 Armenia,
745 2214 766 2261 si
783 2228 834 2263 nou
875 2226 977 2267 verunt.
1011 2218 1093 2267 Iidem
1105 2233 1163 2266 enm
1175 2216 1273 2267 Mente
1288 2225 1315 2268 et
1333 2219 1399 2267 Gor·

305 2306 338 2339 en
357 2290 448 2355 eodem
469 2285 550 2351 fonte,
561 2288 776 2353 quemadmodum
794 2290 833 2339 ait
875 2292 1007 2343 dianetum
1036 2300 1120 2343 terras
1147 2307 1235 2342 secare
1257 2301 1401 2358 coeperunt,

305 2366 449 2429 praedictus
465 2365 613 2427 Sallustius,
630 2367 722 2413 saltem
739 2380 773 2414 ex
789 2380 832 2415 eo·
872 2370 997 2435 paulatim
1009 2370 1035 2420 ln
1050 2370 1146 2419 arctius
1171 2369 1284 2422 co'e'untr
1302 2378 1331 2418 et
1348 2385 1398 2435 qno

306 2442 365 2493 dem
378 2448 474 2500 monte,
486 2456 579 2506 eano
596 2442 757 2505 Euphrates:
776 2448 831 2490 tum
870 2445 971 2509 longius
979 2446 1145 2506 manant,hoc
1154 2445 1287 2508 angustius
1295 2446 1365 2495 inter
1372 2460 1400 2494 se

304 2517 654 2579 fluetibusMesopotamiam
673 2517 831 2568 alluentibus
871 2524 983 2585 spatium
1008 2527 1086 2571 terrm
1112 2521 1269 2585 relinquunt.
1314 2521 1400 2571 Vicini

304 2590 391 2642 influit
407 2593 433 2640 in
444 2592 614 2654 Euphratem,
629 2605 687 2640 tum
700 2605 750 2655 quo
762 2591 787 2639 ih
799 2592 833 2639 ti·
871 2599 982 2647 maxime
991 2602 1051 2647 suut
1061 2597 1101 2646 his
1112 2597 1222 2660 eampis,
1234 2609 1297 2660 qnos
1307 2596 1399 2645 incolae

303 2684 366 2718 utrm
377 2668 512 2717 Persicum
524 2666 618 2718 influit.
640 2669 681 2717 De
691 2668 740 2716 hoe
751 2666 832 2717 fluvio
871 2674 1197 2737 Mesopotamiamvocnnt.
1206 2672 1320 2720 Mediam
1329 2685 1399 2720 nam·

304 2744 420 2807 loquitor
431 2743 503 2805 Virg.
512 2757 532 2791 1.
544 2744 602 2792 Ecl.
614 2757 654 2792 us.
664 2748 707 2793 62.
739 2744 831 2794 ‘Ante
870 2762 921 2813 qne
939 2749 971 2798 ab
993 2754 1102 2812 utroque
1126 2750 1209 2797 latere
1229 2748 1399 2797 concludunt.

305 2818 450 2882 pererratis
458 2818 593 2867 amborum
601 2818 693 2867 finibus
707 2820 766 2869 exul
777 2820 833 2869 Aut
871 2824 955 2874 Iidem
968 2838 1015 2887 per
1025 2823 1226 2889 Babyloniorum
1236 2822 1299 2872 fines
1311 2824 1338 2872 in
1346 2824 1399 2871 Ra.

307 2893 412 2943 Ararim
423 2894 538 2943 Parthus
544 2894 623 2956 bibet,
635 2900 680 2943 ent
691 2895 832 2945 Germania
871 2898 945 2949 brom
957 2900 1032 2949 Mara
1045 2897 1234 2963 prorumpunt!

304 2970 422 3033 Tigrim!
444 2970 667 3033 Euphratesvero,
677 2971 716 3019 sie
725 2978 832 3020 vocatus
903 2983 916 3019 s
927 2976 1072 3038 Ussdavadt]
1082 2974 1185 3024 vadum
1195 2972 1285 3021 dieunt
1295 2984 1398 3035 annun,

304 3053 415 3110 propter
426 3046 545 3095 laetitiam
563 3060 641 3110 quam
651 3046 743 3095 incolis
754 3044 831 3097 affert
871 3064 929 3115 qnae
939 3050 1071 3101 littoribus
1081 3064 1133 3100 non
1145 3050 1182 3100 its
1199 3048 1305 3109 dissitis,
1316 3045 1394 3110 pede,

302 3137 349 3170 sua
360 3121 609 3183 inundationeagros
619 3120 781 3183 foeeundans,
789 3128 831 3171 est
870 3133 916 3176 ant
925 3141 1001 3191 equo,
1015 3133 1060 3176 aut
1077 3128 1169 3175 saltem
1180 3124 1274 3187 cyaths
1284 3122 1401 3187 faellins,

245 3243 247 3247 .
303 3196 492 3257 slindtiumen,
505 3197 621 3261 quodex
637 3198 768 3259 praedietis
779 3198 829 3245 Ar·
868 3212 944 3261 qnam
964 3213 1036 3246 mare
1052 3198 1158 3246 transiri
1180 3202 1283 3259 potest:
1302 3197 1399 3247 andes

302 3274 394 3323 menia
402 3272 532 3322 montibus
541 3272 640 3335 pariter
648 3273 739 3321 oritur.
771 3272 829 3321 Me·
869 3272 997 3335 vadendo,
1018 3272 1060 3321 rel
1076 3286 1092 3320 a
1111 3272 1206 3322 Graeco
1224 3270 1306 3337 βάθος,
1327 3276 1399 3325 loeus

302 3347 519 3413 sopotamiam,ut
536 3347 612 3397 Nilus
623 3349 773 3411 AEgyptunr,
783 3361 829 3396 ex·
869 3360 1001 3412 perquem
1013 3346 1126 3409 veditur,
1136 3347 1228 3397 vadum
1238 3351 1396 3413 pntuntori·

301 3426 402 3474 ondans
411 3424 553 3488 faecundat,
566 3430 594 3474 et
604 3424 735 3487 adjunctis
744 3424 829 3487 'l'igris
869 3423 902 3473 ri.
934 3424 1037 3473 Gallice
1054 3421 1161 3473 dieimns
1182 3425 1276 3487 legat,
1290 3429 1398 3489 msere

302 3498 464 3549 ductibusin
479 3500 613 3550 Persicum
623 3500 828 3560 Sinnmlabitnr.
867 3496 930 3560 gae.-
950 3496 1085 3547 inferiotes
1106 3498 1232 3548 Normani
1255 3500 1355 3562 dicunt,
1376 3502 1398 3549 le

213 3616 218 3622 .
302 3575 406 3624 Delios
421 3574 667 3637 loeutnsVirgillos‚
683 3584 714 3624 ut
730 3575 828 3637 signifi·
868 3574 1015 3632 grandella
1029 3574 1093 3635 petit
1109 3573 1146 3625 oe.
1178 3574 1314 3625 Alternum
1332 3589 1399 3638 ergo

302 3659 376 3699 earet
384 3649 655 3710 bellurnPartherum,
662 3663 769 3713 quornm
776 3655 830 3699 ter·
869 3644 934 3694 illud
944 3644 1039 3694 redum
1049 3648 1103 3695 slve
1113 3646 1218 3711 flumen,
1229 3656 1321 3713 utpote
1327 3650 1396 3714 quud

302 3727 386 3777 mirans
402 3732 460 3775 erat
476 3725 621 3787 Euphrates
638 3724 738 3787 Geosg.
754 3739 775 3775 1.
791 3741 830 3776 vs.
870 3719 933 3782 ipsis
947 3725 1048 3769 naturae
1065 3721 1166 3785 legibus
1182 3722 1248 3783 fluit,
1265 3730 1317 3770 tans
1335 3730 1398 3771 noto

303 3807 361 3852 sus.
394 3800 483 3851 “Hinc
493 3806 582 3850 movet
593 3799 747 3863 Euphrates,
756 3801 829 3851 illiue
871 3800 975 3859 tamque
984 3801 1056 3845 carto
1065 3811 1140 3847 cursu
1150 3796 1241 3857 fertur,
1253 3804 1282 3843 ut
1293 3796 1326 3845 ab
1334 3796 1397 3860 ipsis

302 3874 568 3927 Germaniabellnm?
579 3874 636 3925 Nee
645 3889 747 3938 possum
757 3876 831 3924 ornit-
869 3870 1013 3921 hominihus
1032 3874 1171 3936 praevideri
1187 3878 1214 3921 et
1224 3871 1324 3920 intendi
1338 3886 1396 3937 pos·

303 3959 362 4000 tere
376 3952 447 4015 quod
464 3953 499 4003 Q.
521 3949 626 4002 Curuus
637 3950 655 3999 l.
672 3963 699 3998 v.
714 3950 778 3998 dicit
796 3949 830 3999 ‹le
871 3948 924 3997 sit:
950 3963 1007 3999 cnm
1023 3956 1111 3999 tamen
1132 3962 1243 4013 puppes,
1260 3950 1353 4011 trunei,
1367 3955 1397 3999 et

303 4031 414 4090 atroque
431 4026 480 4075 hoe
491 4024 613 4075 flumine:
641 4023 707 4074 ‘Isti
724 4025 829 4088 amnes‚'
870 4026 1095 4090 ceteraeJ'nsmodi
1116 4038 1234 4087 corpora,
1250 4038 1308 4088 quse
1328 4025 1398 4088 ejus·

303 4099 398 4163 iuquit,
415 4102 423 4130 ⁴
434 4114 466 4149 ex
477 4098 609 4163 Armeniae
627 4099 754 4150 montibus
771 4114 829 4163 pro·
869 4098 938 4147 modi
948 4101 1021 4165 aquis
1031 4096 1186 4149 circumfusa
1194 4098 1332 4159 vehuntur,
1342 4097 1396 4149 fore

304 4173 397 4237 fluunt,
418 4180 447 4224 et
469 4188 561 4238 magno
581 4174 677 4224 deinde
704 4189 829 4239 aquarum
869 4174 937 4225 tuito
953 4176 1006 4227 sive
1018 4174 1393 4239 inopinatoeneutueoaveni-

304 4250 414 4301 divortio
434 4250 494 4313 iter,
510 4248 579 4314 qnod
596 4262 700 4315 cepere,
721 4263 827 4314 pereur·
869 4255 934 4316 ant,
1000 4302 1002 4306 ,
