3184 4959
306 420 381 506 '562
666 430 823 480 nourrii
847 425 1054 483 brunstatt
1083 426 1086 431 ’

316 587 398 646 lenus
407 585 514 644 Comes
522 580 560 641 de
569 578 696 650 Hollren,
710 579 762 658 qui
777 579 947 640 Suetonium
958 580 1174 640 Germaniceiu
1184 591 1301 642 carcere
1311 579 1403 643 trans}

312 681 390 752 tulit,
415 678 568 738 Baltbasar
594 675 774 735 Heuclrelius
802 675 889 752 cujus
915 674 1056 752 Epistolae
1085 677 1246 736 carcerales
1267 679 1401 756 prodiere

312 777 438 836 Hulnrioe
452 778 539 834 Anno
556 771 643 834 1640.
671 771 734 830 Rex
747 771 858 830 Scotire
870 770 1001 830 Jacobus
1015 772 1067 829 tv.
1079 780 1185 848 postea
1199 773 1313 850 Angliae
1327 774 1403 834 inter
1496 816 1504 834 .

311 872 407 949 Reges
420 872 437 932 J
440 870 553 931 acubus
567 870 592 928 l.
608 865 779 929 Joanuicius
793 865 1047 949 Hieromonacbus
1061 867 1242 938 Certauus‚a
1253 886 1313 942 quo
1326 868 1403 930 liber

311 971 395 1027 ἄνθος
403 966 587 1044 conscriptus
595 964 624 1022 in
635 964 775 1033 carcere‚¹
787 957 1122 1040 leonhardusKeyser‚²
1130 962 1249 1022 Hieron.
1272 963 1400 1041 Magius,

309 1062 477 1139 Margareta
501 1059 617 1120 Heurici
636 1059 689 1117 IV.
712 1056 818 1115 Gallius
839 1055 927 1133 Regis
946 1056 1067 1132 conjux,
1084 1056 1214 1115 Andreas
1236 1057 1400 1118 Mattbaeus

310 1157 410 1217 Adria
423 1156 569 1236 princeps,
583 1153 662 1213 Tbo.
671 1152 792 1224 Morus,
807 1150 948 1210 Nicolaus
963 1149 1173 1221 Florentium,³
1187 1150 1296 1210 Paulus
1311 1152 1401 1212 Petro

309 1253 419 1324 sonius,
436 1253 550 1329 Cuspar
563 1250 724 1318 Peucerus,
737 1247 860 1318 Platiae,
875 1246 960 1323 cujus
974 1246 1038 1306 libri
1059 1257 1117 1306 tres
1131 1246 1169 1304 de
1186 1245 1262 1305 falso
1281 1256 1313 1306 et
1329 1265 1400 1308 vero

308 1349 388 1408 bono
401 1348 431 1405 in
445 1363 562 1407 carcere
574 1342 682 1404 exarati
696 1349 773 1413 sunt,
786 1341 928 1420 Rugerius
939 1340 1103 1402 Rabutinus
1122 1341 1229 1400 Comes
1241 1340 1280 1400 de
1291 1343 1398 1421 Buss'y,

307 1443 451 1502 Nicolaus
475 1440 590 1519 Ridley,
612 1438 732 1498 Hieron.
773 1436 959 1506 Savanarolu,
981 1437 1028 1497 Jo.
1054 1438 1206 1508 Serranus,
1227 1438 1398 1516 Stephanus

306 1539 491 1617 Saegediuus,
504 1536 679 1608 Turenuius,
701 1531 953 1612 illicquefortius¹⁴
972 1531 1000 1590 iu
1025 1532 1111 1608 cujus
1136 1531 1338 1591 memoriarum
1358 1535 1398 1595 de

306 1634 411 1710 legalis
425 1633 518 1712 prims
540 1631 667 1692 editione
688 1631 779 1690 literae
801 1629 831 1688 in
845 1628 931 1689 titulo
944 1629 1079 1704 ascriptas
1095 1627 1127 1686 L.
1140 1627 1184 1686 M.
1198 1627 1234 1687 P.-
1256 1627 1403 1704 denotant

307 1727 680 1806 leMinistrcprirormier.
825 1783 831 1793 ,

345 1826 394 1884 Jo.
418 1821 606 1883 Mobilluuius
630 1841 698 1900 peg.
718 1830 787 1884 221.
809 1820 920 1881 itineris
944 1819 1048 1890 Italici,
1070 1819 1108 1879 de
1133 1818 1269 1890 uottmo,
1289 1819 1397 1899 inquit,

305 1921 428 1998 ejusque
449 1919 531 1978 libris
554 1918 592 1978 de
616 1917 820 1977 Consolatione
842 1915 1041 1994 Philosopbire
1062 1915 1094 1974 iu
1115 1914 1269 1975 veterrimo
1291 1918 1396 1979 codice

305 2013 508 2076 Laurentianus
517 2012 596 2089 apud
607 2013 781 2072 florentiam
792 2011 985 2070 bibliothece
998 2011 1062 2069 bec
1076 2011 1294 2090 praemittuntur
1305 2011 1396 2073 literis

305 2107 474 2173 saxonicis:
506 2116 683 2184 ‘pururus
713 2123 840 2166 usurus
868 2121 1124 2166 cousunnaurr
1147 2121 1243 2164 nuuc
1266 2121 1395 2166 naono-
1433 2159 1439 2166 .

305 2219 403 2264 eunt:
425 2217 492 2261 vnn
506 2215 655 2262 noturus
671 2217 758 2272 iesu,
772 2217 840 2262 vnn
856 2216 999 2279 purusne
1021 2215 1255 2272 scorrrunrrs,
1271 2217 1309 2260 rn
1332 2218 1394 2263 usu

305 2313 511 2362 ulscteunus
541 2313 674 2358 nonum.
716 2298 863 2376 Tempore
887 2297 1018 2356 Teutrici
1041 2297 1126 2374 regis,
1151 2297 1269 2373 insignis
1292 2309 1396 2359 auctor

304 2395 425 2455 Boetius
447 2393 561 2464 claruit,
577 2393 627 2470 qui
643 2391 747 2453 virtute
771 2413 826 2453 suu
839 2391 949 2453 Consul
973 2392 1003 2450 in
1024 2393 1106 2452 Urbe
1121 2391 1186 2451 fuit.
1228 2393 1303 2452 Cum
1322 2414 1393 2454 vero

303 2489 458 2549 Teutricus
471 2507 522 2547 rex
536 2488 627 2546 voluit
641 2485 824 2566 tyrannidem
842 2505 978 2547 exercere
997 2487 1028 2546 iu
1042 2487 1124 2560 urbe,
1145 2507 1181 2546 ac
1195 2489 1293 2547 bonos·
1303 2500 1403 2567 quos-'

304 2583 411 2665 quein
439 2583 548 2641 Senatu
572 2582 637 2640 neci
661 2580 743 2653 dare,
765 2581 884 2640 Boetius
911 2581 976 2658 ejus
1000 2582 1084 2641 dolos
1108 2581 1235 2660 effugere
1255 2587 1392 2661 gestiens,

302 2679 414 2757 quippe
428 2676 480 2753 qui
502 2675 586 2735 bouis
599 2676 734 2734 omnibus
753 2693 856 2734 necem
875 2678 1018 2754 parabut3
1049 2676 1187 2737 videlicet
1207 2677 1282 2738 clam
1300 2680 1391 2741 literis

302 2772 340 2831 ad
355 2773 478 2830 Groecos
492 2769 593 2839 missis,
607 2769 757 2829 nitebatur
770 2768 881 2828 Urbem
895 2777 925 2828 et
938 2770 1076 2829 Senatum
1090 2791 1127 2831 ex
1141 2770 1207 2847 ejus
1219 2771 1315 2848 impiis
1328 2794 1392 2833 mn·

301 2867 389 2925 nibus
401 2881 512 2933 eruere,
528 2871 669 2921 eteorum
683 2862 808 2923 subdere
821 2860 991 2921 defensioni.
1033 2863 1093 2923 Sed
1108 2873 1265 2943 postquam
1278 2886 1298 2925 n
1309 2867 1390 2946 Rege

300 2981 368 3021 reus
387 2957 547 3036 majestatis
571 2958 728 3018 convictus
749 2967 804 3030 est,
825 2957 924 3035 jussus
939 2967 985 3018 est
997 2960 1109 3019 retrudi
1122 2961 1151 3020 iu
1173 2980 1337 3029 carcerem
1359 2965 1389 3025 iu

302 3074 361 3134 quo
372 3051 518 3133 repositus
527 3053 580 3112 bos
595 3052 684 3112 libros
698 3071 752 3130 per
765 3061 892 3131 satyram
903 3052 1004 3126 edidit,
1017 3055 1147 3115 imitatus
1160 3056 1297 3116 videlicet
1306 3059 1388 3119 Mar-

299 3150 411 3208 tianum
427 3149 553 3207 Felicem
568 3149 794 3226 Capellam,¹qui
809 3149 918 3225 primus
938 3149 1029 3212 libros
1043 3151 1081 3211 de
1094 3152 1203 3229 nuptiis
1221 3152 1387 3231 Philologiae

299 3253 329 3302 et
345 3241 483 3302 Mercurii
497 3241 597 3301 eadem
610 3244 708 3320 specie
721 3245 864 3321 poematis
881 3246 1106 3325 conscripserat.
1148 3248 1205 3307 Sed
1229 3248 1286 3306 iste
1300 3249 1387 3325 longe

300 3336 443 3396 nobiliore
458 3336 577 3395 materia
591 3345 626 3395 et
634 3335 771 3397 facundia
786 3337 940 3414 praecellit,
955 3339 1065 3416 quippe
1086 3339 1137 3417 qui
1152 3359 1207 3400 nec
1220 3341 1320 3400 Tullio
1332 3341 1388 3402 ime

300 3432 413 3512 parsit,
428 3449 482 3490 uec
496 3431 617 3508 Virgilio
630 3431 660 3489 iu
674 3438 766 3491 metro
780 3429 1029 3492 inferiorlloruit!
1068 3433 1141 3492 lirec
1155 3433 1208 3493 ibi.

259 3589 261 3592 ,
339 3529 373 3584 In
388 3525 510 3583 eandem
525 3524 693 3584 sententium
702 3524 779 3596 vide,
787 3523 813 3582 si
824 3525 932 3602 placet,
943 3545 1010 3603 quae
1021 3529 1195 3606 Anonymus
1204 3530 1384 3592 Melliceusir

296 3619 334 3678 de
347 3618 488 3696 Scriptus.
504 3619 618 3680 Eccles.
638 3641 667 3681 c.-
692 3637 751 3680 xv.
790 3620 900 3680 Versus
924 3621 1044 3699 quidam
1071 3623 1187 3684 Boethii
1210 3645 1227 3684 e
1251 3625 1310 3686 lib.·
1326 3643 1383 3687 tu.

298 3719 390 3772 metro
403 3720 433 3781 9⁶
447 3712 573 3772 citantur
585 3714 616 3772 in
629 3715 783 3794 specululo
797 3715 878 3792 quod
898 3715 1003 3792 legitur
1015 3719 1178 3794 Augustino
1196 3721 1382 3799 suppositum

296 3809 325 3870 iu
340 3816 419 3866 tomo
432 3823 480 3866 vr.
493 3808 623 3885 Operum
638 3810 792 3887 Augustini
807 3829 838 3888 p.
851 3807 921 3879 627.
936 3810 1006 3870 edit.
1020 3815 1118 3873 Amst.

337 3900 474 3962 Rartbius
486 3902 525 3962 ad
536 3902 690 3964 Claudiurn.
705 3923 774 3982 pag.
796 3915 864 3975 147.
883 3904 957 3966 edit.
968 3905 1071 3983 primur
1085 3916 1207 3967 testatur
1219 3926 1252 3966 se
1263 3926 1299 3965 ex
1310 3908 1380 3968 Bib-

329 4019 430 4072 ¹Crusii
440 4019 516 4071 Turco
596 4037 649 4086 pug.
659 4027 715 4072 199.
857 4024 901 4072 scri
919 4039 969 4072 uere
982 4024 1052 4072 refert
1067 4023 1221 4072 Naudreusin
1237 4026 1383 4091 panegyrico

328 4082 382 4133 ²13.
399 4079 496 4134 Lutberi
513 4037 584 4151 grip?
598 4085 734 4150 Altenburg·
748 4087 817 4140 Turn.
856 4089 888 4136 ad
898 4040 1018 4136 llrbenum
1029 4103 1086 4138 vrrs.
1097 4102 1152 4151 png.
1163 4090 1218 4137 lot.
1391 4111 1396 4117 ·

295 4152 494 4262 m‘spllllrltiilslsr
505 4226 545 4259 eos
559 4213 634 4276 quiin
645 4228 734 4264 caruem
744 4213 814 4263 libror
887 4151 1002 4202 *mm
1011 4153 1042 4202 de
1052 4153 1100 4262 Ml·
1110 4150 1187 4214 Bnyle
1195 4166 1220 4213 p·
1231 4155 1288 4203 m·
