3184 4959
502 459 761 509 rurnosorrrrlu
780 461 857 506 ‘mu
879 461 928 508 ιν.
1202 447 1270 514 ote

178 607 286 690 Ἀνδρός
302 609 373 692 iugeri
388 612 473 685 σῶμα
497 607 622 686 δυνάμεις
647 607 852 686 οἰκοδομοῦσι.”
896 603 951 668 Fit
973 612 1085 669 autem
1110 625 1202 689 saepo
1217 614 1268 676 uli

175 709 271 772 bonis
299 727 430 772 summa
450 727 560 771 rerum
584 706 749 790 gerende⁸
783 705 962 783 deferetur,
985 711 1023 769 ut
1046 706 1268 773 exuberans·

174 809 367 873 retundatur
379 809 585 892 improbitas.
623 805 712 872 Aliis
721 809 823 901 misto
836 806 988 890 quedam
1004 827 1066 891 pro
1081 809 1267 876 animorum

173 910 337 992 qualitate
352 908 537 976 distribuit:
553 909 716 992 quosdam
730 909 921 986 remordet,⁰
934 909 1089 991 nelonga
1101 911 1267 977 felicitate

173 1011 361 1077 luxurientt
384 1011 471 1076 ulios
485 1011 576 1076 duris
601 1011 721 1092 agitari
737 1011 827 1088 sinit,
848 1016 907 1074 ut⁹
928 1012 1067 1075 virtutes
1081 1013 1184 1076 animi
1205 1034 1266 1097 po·

172 1111 296 1176 tientiee
305 1132 370 1176 usn
386 1121 486 1197 etque
500 1113 739 1178 exercitatione
751 1113 957 1177 confirment.
996 1111 1066 1177 Alii
1077 1114 1156 1196 plus
1167 1135 1266 1198 oequo

172 1219 319 1276 metuunt
344 1215 438 1292 quod
463 1215 547 1268 terre
572 1212 735 1287 possunt:
773 1215 930 1288 enipius
952 1233 1053 1297 aequo
1080 1214 1269 1302 despiciunt

172 1312 263 1394 qnod
277 1311 364 1375 ferre
375 1327 443 1373 non
465 1312 625 1391 possunt:
659 1307 734 1385 hos,
750 1307 786 1370 in
812 1309 1078 1391 experimentum
1101 1319 1166 1397 sui,
1188 1321 1264 1384 tris·

171 1413 261 1476 tibus
275 1411 380 1477 ducit.
425 1408 590 1476 Nonnulli
603 1408 834 1473 venerandum
847 1410 964 1474 soeculi
977 1430 1098 1474 nomen
1111 1420 1268 1495 gloriose
1346 1497 1349 1502 λ

170 1514 315 1597 pretio¹⁰
336 1511 452 1576 mortis
471 1515 641 1576 emerunt!
685 1510 835 1589 Quidum
860 1512 1037 1595 suppliciis
1061 1514 1269 1602 inexpugna-

171 1615 259 1680 biles
274 1613 471 1696 exemplum
494 1614 616 1678 ceteris
642 1613 867 1695 praetulerunt,
890 1614 1051 1678 invictum
1076 1617 1173 1682 malis
1195 1640 1269 1686 esse

172 1717 346 1781 virtutem:
369 1733 447 1798 qnee
470 1734 568 1798 quam
594 1718 684 1778 recte
708 1720 807 1796 atque
829 1714 1003 1796 disposite,
1030 1723 1063 1779 et
1088 1738 1133 1783 ex
1156 1739 1269 1788 eornm

171 1819 260 1882 bono
274 1817 397 1902 quibus
423 1816 575 1880 occidere
590 1817 754 1892 videntur,
780 1815 872 1894 liant,
897 1816 991 1880 nulla
1011 1816 1180 1884 dubitatio
1206 1829 1269 1887 est.

171 1917 263 1983 Nem
273 1918 357 1983 illud
368 1937 515 2002 quoque,
532 1918 623 2000 quod
636 1918 797 2001 improbis
811 1938 901 1981 nunc
917 1919 1037 1996 tristia,
1053 1940 1138 1985 nuno
1148 1929 1269 2005 optate

170 2022 383 2104 proveniunt,
412 2041 456 2085 ex
479 2020 605 2085 eisdem
631 2021 764 2084 ducitur
786 2019 912 2082 causis.
965 2017 1020 2084 Ao
1048 2019 1089 2084 de
1113 2022 1267 2088 tristibus

171 2122 305 2205 quidem
318 2142 417 2188 nemo
431 2124 580 2200 miretur,
594 2119 685 2204 quod
700 2139 759 2184 eos
772 2121 862 2184 mele
886 2121 1024 2185 meritos
1045 2141 1161 2187 ornnes
1176 2126 1268 2190 exis·

170 2223 307 2288 timent:
330 2243 472 2307 quornm
494 2224 631 2306 quidem
653 2221 824 2304 supplicia
849 2229 921 2284 tum
944 2231 1078 2286 ceteros
1101 2226 1146 2288 eb
1160 2227 1267 2290 seele-

169 2325 263 2389 ribus
286 2327 544 2402 deterrentium
566 2325 671 2406 ipsos
692 2323 817 2406 quibus
839 2324 1047 2400 invehuntur,
1069 2327 1267 2396 emendent:

169 2425 246 2491 laeta
260 2446 339 2492 vero
362 2445 518 2509 magnum
532 2426 631 2490 bonis
653 2432 883 2507 argumentum
907 2425 1097 2507 loquuntur,
1119 2429 1200 2510 quid
1223 2430 1266 2497 de

169 2525 363 2609 anusmodi
391 2527 551 2592 felicitate
577 2528 722 2593 debeant
751 2527 916 2610 judicare,
946 2547 1049 2610 quem
1077 2529 1267 2597 famuleri¹¹

171 2645 262 2710 saepe
276 2628 439 2710 improbis
454 2635 601 2696 cernant.
646 2630 687 2696 In
701 2649 771 2714 qua
784 2650 821 2695 re
838 2630 923 2694 illud
938 2630 1040 2694 etiam
1059 2630 1268 2715 dispensari«

170 2728 280 2806 credo,
297 2729 388 2813 quod
412 2737 465 2795 est
486 2730 627 2797 forsitan
650 2733 793 2817 alicujus
820 2738 887 2796 tam
910 2751 1066 2814 praeceps
1089 2739 1192 2816 etque
1205 2737 1266 2799 im·

169 2835 317 2910 portuno
329 2835 460 2909 notura,
470 2839 509 2896 ut
523 2851 600 2896 eum
609 2833 649 2896 in
661 2835 787 2899 seelera
796 2833 910 2917 potius
918 2835 1143 2900 exacerbore'
1155 2840 1268 2919 possit

169 2930 219 2994 rei
247 2929 422 2996 familiaris
451 2935 585 3017 inopie:
621 2935 721 3020 hujus
745 2938 862 3001 morbo
885 2936 1104 3002 Providentia
1131 2938 1265 3006 collatae

200 3137 219 3162 ¹·
237 3131 292 3180 Viri
301 3133 365 3181 seori
374 3147 458 3194 corpus
474 3134 574 3183 virtutes
582 3134 710 3196 oedifleunt.
775 3133 926 3182 *Gnate
989 3132 1117 3200 ⁰Afflt’git.
1178 3131 1266 3181 'Por-

169 3195 370 3256 teritulitsamnm
380 3197 470 3246 illustri
480 3202 555 3246 ruorte
564 3195 677 3245 ementi
686 3201 750 3244 ruet.
817 3196 973 3263 tldeofieri.
1037 3197 1222 3246 'Commetare

627 3321 803 3342 mm

166 3405 286 3466 uterque,
296 3409 324 3454 et
332 3404 401 3454 Viet.
412 3404 510 3466 primus
520 3421 527 3453 ε
544 3407 704 3466 regende-9
714 3406 722 3434 ⁴
731 3407 797 3454 Mes.
807 3407 876 3456 duris
886 3409 975 3470 agitat,
983 3405 1030 3456 nt!
1047 3407 1170 3454 Bernart.
1187 3402 1267 3475 ‘dcl-

167 3467 216 3514 turi
226 3467 295 3518 enit.
328 3467 359 3516 ln
379 3469 495 3517 omnibus
514 3468 590 3518 deest
605 3471 679 3518 sinit:
696 3470 779 3519 mele!
800 3470 887 3519 Vallis.
917 3472 989 3520 ‘blo
1007 3471 1075 3517 Alios
1090 3466 1159 3508 Mt
1174 3466 1267 3522 actim

166 3530 345 3592 moeror:
361 3533 517 3582 Sileon-10
533 3532 750 3598 ‘Praet'eroouod
763 3535 790 3584 in
801 3535 852 3580 rori
873 3539 917 3579 to:
931 3532 1040 3582 tm
1050 3523 1182 3585 Wm'
1199 3527 1267 3574 ΒΕΓ·

168 3599 300 3644 nare-11
318 3596 369 3644 M3,
380 3595 507 3646 antean,
524 3588 821 3656 wymborne-lt
865 3593 956 3650 terque
966 3585 1063 3636 Tbuen.
1079 3589 1144 3652 Reg.
1157 3591 1266 3642 etVict.

664 3729 771 3778 NOTAE

168 3829 254 3878 Deum
264 3825 385 3878 effectum
400 3823 533 3876 fabuletur
544 3825 694 3876 Gentibus.
735 3832 800 3874 terre
811 3823 937 3888 ejusmodi
944 3825 1132 3890 prosperitates
1143 3843 1195 3878 non
1206 3845 1265 3882 raro

170 3901 265 3952 Groece
275 3907 362 3952 antem
373 3902 418 3950 ille
433 3900 512 3950 verbe
522 3901 615 3964 Ἀνδρδε
626 3901 695 3965 lepori,
735 3901 885 3951 conducunt
892 3901 925 3949 ad
935 3903 1057 3952 virtutem
1065 3902 1215 3954 ooleudrrmz
1227 3907 1264 3956 tio

169 3979 217 4026 &o
239 3978 277 4026 sio
298 3976 374 4026 reddi
394 3976 508 4026 debent:
535 3977 611 4026 ‘viri
629 3977 696 4027 sauri
736 3977 795 4025 Deo
809 3976 917 4038 dicenti,
931 3976 1028 4028 lobnm
1043 3976 1194 4026 esre-virum
1207 3979 1264 4040 jue·

170 4066 262 4114 corpus
272 4053 380 4102 virtutes
389 4050 542 4101 edificent?
551 4065 697 4116 quenquam
737 4057 792 4102 turn
813 4059 841 4101 et
862 4052 992 4100 colentem
1013 4051 1108 4113 Deum,
1129 4055 1264 4116 respoudit

171 4129 247 4192 enim,
266 4134 334 4178 terte
353 4127 489 4190 Apostolo,
501 4140 534 4176 11.
544 4127 604 4176 Cor.
621 4141 644 4176 o.
656 4131 697 4178 12.
737 4129 819 4178 melus
830 4123 1002 4187 Ge'rrins‚non
1019 4138 1077 4174 esse
1087 4126 1187 4190 mirum,
1203 4144 1263 4180 cum

169 4204 269 4256 ‘virtus
290 4205 318 4254 in
348 4201 498 4255 infirmitate
529 4203 696 4267 perficietur,'
736 4203 1110 4266 omniuilliprosperueesent.
1129 4204 1256 4258 libiob.

170 4279 236 4332 selus
253 4287 340 4330 temen
355 4279 598 4344 eorporie,divitiee‚
610 4285 637 4330 et
654 4294 696 4330 oe-

234 4359 321 4423 Delplr.
337 4364 360 4408 et
372 4359 430 4410 Ver.
440 4359 503 4410 clus.
680 4357 766 4407 Boi'tlr.
1177 4358 1199 4405 Z
