3184 4959
339 421 493 471 uournrr
516 423 567 469 ou
588 422 743 472 consor„
768 422 989 473 ruinosoru.
1014 424 1085 474 ιιι.
1108 427 1150 476 ιι.
1236 413 1303 480 473

211 562 377 627 nequitatem?
421 565 457 613 Et
476 564 581 627 Cyreni,
600 579 666 628 qnos
686 564 736 614 lroc
772 563 831 613 bins
847 564 989 628 sequester
1004 566 1037 614 de
1049 565 1192 630 Montibus,
1208 567 1303 617 usu·

209 640 326 690 encomio
344 639 460 688 celebrat
477 639 590 688 Severus
608 641 735 704 Sulpicius
773 647 840 702 gost.
852 639 896 690 lib.
911 653 954 690 111.
974 641 1015 690 De
1026 642 1082 691 Cir.
1093 644 1146 694 Dei
1158 658 1218 706 cap.
1234 647 1259 692 2.
1278 651 1305 693 et

212 716 317 777 Dialog.
333 716 412 765 ulle
431 715 566 766 Miracnlis
585 717 612 765 S.
627 717 737 767 Martini
772 715 818 764 lib.
831 729 870 765 ιν.
881 729 940 778 cap.
952 721 976 766 1.
987 717 1030 765 ubi
1041 718 1107 766 citat
1117 717 1256 781 Apuleium
1270 717 1304 768 dc

213 791 354 854 Episcopis
388 790 472 839 ‘Cum
496 792 625 841 hominum
651 806 736 842 mores
773 791 884 854 Mundo,
899 792 944 856 qui
961 791 1306 856 scripserit,ilumiuaflam-

116 874 121 876 ’
211 880 396 932 quaereremus,
415 866 479 915 illud
503 869 656 930 praeclarum
679 868 732 917 ani·
773 879 872 915 mamm
882 880 915 915 ex
927 866 1004 916 AElna
1012 869 1166 932 cucurrisse,
1180 871 1306 920 Martias.

156 961 162 967 ·
211 942 481 1004 madvertimns,nilril
497 958 737 1007 eosnequeemerc
774 941 875 1003 Capell.
897 940 943 990 lib.
963 945 989 992 θ.
1007 943 1050 992 De
1070 943 1156 1007 Napi.
1176 945 1306 1008 Plrilolog.

210 1016 425 1081 nequerendere.
452 1019 522 1072 Quid
532 1019 567 1068 sit
577 1019 648 1070 frans
659 1027 738 1085 atque
774 1014 886 1065 salvian.
907 1015 952 1066 lib.
971 1029 1024 1068 vn.
1048 1018 1090 1068 De
1109 1019 1306 1069 Gubernationc

210 1092 307 1142 furtum
329 1095 455 1144 nesciunt·
487 1094 587 1145 Aurum
604 1104 682 1161 atque
699 1111 739 1145 ar·
774 1091 838 1154 Dei,
849 1091 943 1155 aliique
956 1093 1068 1155 plurimi.
1085 1093 1161 1144 Idem.

213 1175 393 1232 gentemque
405 1168 488 1231 prima
501 1172 625 1220 mortales
636 1178 739 1234 putant,
809 1168 937 1216 Cossulore
954 1168 1088 1231 imperium]
1112 1169 1184 1218 Tunc
1206 1167 1308 1218 seilicet

212 1257 297 1307 neque
307 1243 496 1308 habentneque
506 1245 604 1294 babere
615 1247 739 1308 cupiunt.'
775 1255 835 1290 cum
843 1243 924 1291 creari
935 1250 995 1292 sunt
1004 1244 1155 1294 Decemviri
1167 1261 1174 1294 2
1191 1245 1235 1308 qui
1244 1259 1308 1308 pau-

213 1319 281 1371 Quiu
296 1326 325 1369 at
344 1320 375 1369 C.
385 1319 471 1371 Julius
488 1320 577 1369 Casan
591 1321 638 1369 lib.
649 1335 688 1370 vr.
705 1321 738 1371 de
775 1316 800 1365 lo
811 1322 870 1380 post
880 1317 914 1366 ob
925 1319 1051 1382 Virginim
1063 1319 1163 1370 eedem
1180 1319 1308 1372 seditione

213 1396 286 1447 Balla
296 1397 399 1447 Gallico
414 1396 525 1446 affirmat
535 1397 679 1447 Germanas
696 1413 739 1448 aa.
775 1399 843 1454 orta,
851 1393 935 1442 coacti
943 1395 1096 1458 magistratu
1104 1410 1131 1445 se
1140 1396 1308 1448 abdicavere:

213 1479 283 1521 teres
293 1471 678 1534 accuratiusprospexisso,‘ne
689 1473 739 1520 ori·
775 1468 906 1530 allegere
926 1476 966 1519 cst
976 1471 1045 1534 apud
1065 1472 1166 1524 Livium
1186 1473 1278 1522 decad.
1290 1487 1310 1525 ι.

214 1554 285 1597 retur
304 1548 420 1610 pecuniae
437 1547 575 1610 cupiditas,
591 1562 642 1611 qna
659 1561 693 1596 ex
711 1561 739 1597 ra
775 1541 820 1593 lib.
830 1556 874 1594 ιιι.
885 1544 929 1593 ubi
951 1546 1019 1595 inter
1036 1552 1131 1596 celera
1152 1549 1197 1612 ait,
1213 1546 1310 1598 ‘Anno

213 1620 340 1672 factiones
361 1622 582 1686 dissensionesque
601 1635 738 1673 nosceres·
776 1621 961 1670 trecentesimo
987 1623 1079 1685 altero,
1100 1639 1177 1687 quam
1204 1625 1311 1674 condita

215 1697 274 1746 aar?
290 1698 364 1749 [aaa.
410 1696 413 1703 '
777 1695 860 1743 Roma
883 1703 950 1758 erat,
970 1697 1065 1747 iterum
1086 1691 1206 1748 mutatur
1227 1698 1311 1750 forms

247 1773 362 1822 Ριοιίοιιι
385 1774 490 1836 periculo
503 1773 583 1836 sodli]
618 1773 699 1824 Ouid.
718 1788 739 1827 1.
777 1769 891 1820 civitatis
902 1772 934 1821 ab
951 1772 1106 1824 Consulibus
1125 1776 1157 1826 ad
1176 1775 1311 1826 Decemvi-

217 1848 251 1898 de
266 1848 361 1910 Poura,
372 1851 446 1912 Elag.
455 1854 479 1899 a.
497 1850 575 1899 ‘Non
586 1856 672 1900 tamen
684 1851 740 1901 hac
778 1857 832 1906 ros,
842 1845 1056 1907 quemadmodum
1075 1849 1109 1898 ab
1122 1850 1238 1913 Regibus
1250 1856 1310 1900 anie

211 1925 274 1974 loca
282 1925 400 1974 suntullo
409 1926 526 1988 preciose
535 1926 657 1975 metallo:
675 1926 741 1977 Hos·
778 1920 812 1970 od
824 1921 948 1972 Consules
958 1930 1077 1986 venerat,
1090 1925 1217 1975 translato
1229 1926 1311 1990 impe·

216 2001 251 2050 εἰς
272 2000 307 2050 ab
320 2000 433 2066 agricola
454 2002 497 2050 uix
516 2003 579 2052 sinit
604 2003 649 2051 illa
668 2001 741 2053 fadi}
779 1996 827 2046 rio.
860 1997 946 2047 Minu
956 1999 1073 2063 insignis,
1084 2001 1203 2065 quianon
1213 2002 1312 2051 diuini*

216 2077 293 2127 lderrs.
779 2072 1009 2126 namnnuofnit:
1026 2075 1088 2124 luta
1105 2077 1173 2128 enim
1187 2078 1315 2141 principia

250 2152 376 2203 Psonis.
395 2153 611 2217 Flammiafflaaoe]
622 2154 743 2204 81111111.
779 2150 947 2213 uragistratns
965 2150 1020 2213 ejus
1040 2150 1115 2200 nimis
1133 2151 1312 2203 luxuriarere:

215 2229 235 2279 1.
245 2241 306 2279 nc.
327 2230 557 2292 eleganterAEauae
568 2229 743 2292 mantiaiuge.
780 2225 983 2288 repetitumque,
1000 2224 1099 2275 dnobus
1121 2227 1159 2276 uti
1179 2227 1313 2276 mandare-

217 2305 288 2353 nium
298 2303 418 2367 depingit
434 2303 647 2353 bisceuarsibus:
674 2303 746 2353 ‘Ast
781 2304 826 2348 tur
838 2298 978 2349 Consulum
997 2314 1089 2350 nornen
1109 2301 1315 2367 imperiumque?

218 2379 296 2429 AEtna
316 2385 420 2428 eructat
442 2377 601 2428 tremefactis
625 2378 746 2428 cautibus
786 2373 873 2423 Vallia.

218 2455 302 2519 ignes,
312 2456 408 2506 Inclusi
419 2455 531 2518 genricus
543 2455 681 2518 pelagique
691 2455 747 2504 imi·
817 2449 943 2498 Comicae
958 2449 1094 2512 imperium]
1114 2450 1147 2499 Β.
1158 2447 1315 2514 Augustinus

219 2538 276 2581 tata
295 2529 420 2594 furorem,
440 2531 575 2579 Murmure
594 2544 642 2593 per
663 2544 747 2579 cecos
783 2524 851 2575 libro
870 2523 960 2589 quinto
980 2526 1025 2574 De
1043 2525 1099 2574 Cir.
1116 2525 1176 2587 Dei,
1194 2539 1252 2590 esp.
1274 2531 1315 2578 12.

218 2612 295 2656 tonat
304 2607 447 2672 irrequieta
456 2604 586 2670 fragores,
594 2606 682 2656 Nocte
692 2605 747 2655 die·
783 2603 792 2630 ‘
806 2599 876 2650 Hinc
896 2607 936 2649 est
954 2599 1024 2665 quod
1037 2601 1150 2664 regalem
1161 2601 1315 2651 dominatio·

219 2697 271 2747 que
289 2684 365 2733 simul
382 2682 453 2732 t‘onte
475 2695 491 2731 e
509 2681 698 2745 Plrlcgetontis‚
718 2685 747 2732 ut
784 2690 844 2725 uem
856 2689 906 2724 non
921 2673 1140 2738 serentes,anuua
1159 2677 1267 2739 imperia
1278 2676 1317 2727 bi·

220 2765 278 2808 atro
300 2759 472 2808 Flammarum
494 2757 610 2807 exundat
635 2764 747 2818 cuneus,
785 2749 1317 2816 nosqueimperatoressibifecerunt,qui

219 2833 346 2897 piceaque
363 2834 480 2896 procella
499 2832 687 2881 Semiambusta
708 2846 747 2880 ro·
785 2825 1317 2890 consulesappellatisuntaeonsulendo‚'

220 2913 261 2956 tal
281 2907 428 2972 liquefactis
449 2921 513 2955 saxa
537 2907 664 2956 cavernis.
696 2906 748 2956 Sed
786 2906 838 2952 duc.
871 2901 938 2951 Vide
955 2901 1065 2951 cundem
1083 2901 1151 2950 libro
1162 2903 1250 2963 tertio,
1259 2916 1317 2966 rap.
1340 2939 1345 2948 .

220 2999 366 3049 qumquam
376 2980 750 3044 largoflammarumexaertuat
786 2981 828 3028 le.
844 2977 929 3027 Silena.

219 3059 425 3121 internuncius,
436 3066 465 3107 et
476 3059 578 3107 assidue
595 3057 750 3107 subnascens
824 3053 905 3105 Vestri
924 3051 1025 3113 ocima]
1055 3046 1173 3112 Ὑμέτεριι
1200 3048 1319 3113 πρόγονοι.

221 3133 332 3201 produit
344 3134 424 3197 ignis:
444 3135 547 3182 Summo
561 3147 627 3182 cana
632 3133 699 3196 jugo
708 3147 751 3183 eo·
790 3127 893 3180 Gellius
913 3125 960 3175 lib.
970 3138 990 3173 ι.
1011 3139 1035 3173 c.
1047 3129 1088 3173 lo.
1106 3123 1237 3174 ‘Veteres
1256 3139 1318 3190 qno·

220 3213 295 3263 hibet
305 3210 436 3276 (mirabile
450 3208 536 3273 dictu)
551 3207 669 3257 Vicinam
680 3205 751 3258 ilam-
790 3217 842 3268 qne
854 3201 934 3252 nostri
950 3202 999 3250 hoc
1010 3214 1090 3264 genos
1098 3199 1213 3250 homines
1223 3201 1250 3249 in
1262 3216 1318 3250 ver.

223 3289 271 3336 mis
287 3286 407 3351 glaciem,
426 3291 578 3348 aeternoque
596 3282 682 3347 rigore
702 3281 752 3332 Ar·
792 3279 826 3328 ba
838 3284 985 3342 provectos,
995 3277 1156 3336 incoluimus,
1171 3283 1199 3326 et
1209 3277 1320 3328 blatero-

223 3364 317 3413 dentes
335 3363 443 3411 horrent
461 3360 569 3424 scopuli,
586 3363 638 3408 stat
653 3360 752 3410 vertice
792 3369 848 3418 nes,
858 3359 886 3403 et
897 3354 1028 3416 linguaces
1039 3351 1178 3401 dixerunt!
1194 3352 1270 3400 Idem.

224 3440 286 3490 celsi
303 3439 383 3489 collis
398 3439 489 3500 hiems,
511 3434 645 3499 calidaque
667 3436 752 3484 nivem
825 3429 863 3480 Ob
874 3428 1007 3492 superbiam
1027 3427 1121 3488 reginos
1131 3428 1160 3474 de
1170 3427 1269 3476 civitate
1279 3443 1320 3476 no.

224 3515 293 3580 tegit
302 3522 360 3564 atra
369 3513 457 3564 fauilla
465 3511 483 3561 ε’
500 3511 611 3560 Ovidius
619 3510 666 3560 rib.
677 3510 753 3560 rude
788 3521 843 3556 men
862 3501 1021 3564 obstulerant]
1061 3500 1137 3552 Quod
1158 3499 1257 3551 factum
1279 3511 1322 3553 est

225 3590 322 3652 Ponto,
330 3590 404 3651 Eleg.
416 3591 456 3636 lo.
469 3584 546 3648 fingit
554 3583 640 3634 'AEtnae
655 3583 753 3646 Gigan·
789 3588 917 3647 regnante
927 3579 1065 3643 Tarquinio
1084 3579 1212 3642 Superbo,
1222 3578 1266 3643 qui
1277 3593 1320 3629 oe..

226 3673 278 3715 tem
299 3679 356 3715 esse
376 3661 549 3726 suppositum,
570 3659 615 3724 qni
639 3657 753 3719 dammas
790 3660 844 3710 cieo
862 3657 1046 3707 Serrio'l'ullio
1061 3657 1233 3705 Romanorum
1245 3655 1321 3719 Rege

226 3757 270 3792 ore
287 3749 400 3793 evomat.
431 3741 476 3790 lta
493 3738 563 3788 enim
576 3738 636 3787 ille:
661 3735 752 3785 ‘Vidi
789 3749 831 3786 vr.
842 3731 1320 3799 imperiumseelesteoecupauit.'lum

226 3813 754 3880 mnsAEtnoeacoelnmsplendescercdam·
790 3810 858 3862 enim
880 3811 935 3861 bini
963 3809 1088 3860 Consules
1112 3812 1248 3869 coeperunt
1275 3819 1322 3867 pro

226 3910 278 3959 ma,
294 3896 448 3960 suppositus
456 3893 538 3942 monti
548 3907 606 3942 cnm
618 3891 700 3940 vomit
709 3904 754 3941 ore
792 3901 844 3938 auo
856 3889 928 3952 Rege
939 3887 1012 3935 aunis
1023 3883 1130 3946 singulis
1142 3880 1321 3929 administrare

228 3972 317 4037 gigas?
350 3974 391 4020 Dc
401 3971 616 4031 AEtuapraeterea
625 3965 755 4016 Pindarus
791 3963 924 4026 Rumpub.
959 3963 989 4010 1..
1008 3961 1098 4009 Florus
1118 3957 1162 4004 lib.
1174 3968 1194 4004 1.
1215 3967 1273 4018 cap.
1295 3959 1321 4004 7.

229 4049 308 4111 Pytlr.
329 4047 383 4098 0d.
405 4060 426 4095 1.
447 4043 561 4107 Oppian.
580 4055 599 4093 ι.
627 4041 754 4106 cyneget.
792 4038 920 4087 ‘Tamdiu
942 4033 1090 4098 superbiam
1111 4031 1191 4093 Regis
1211 4033 1322 4095 populus

230 4125 337 4174 haeret.
353 4124 418 4173 libro
440 4122 523 4185 primo
544 4125 572 4170 et
589 4120 656 4168 libro
672 4126 756 4182 muto,
793 4115 923 4164 Romanus
934 4121 1070 4173 perpessus
1082 4106 1322 4168 est,donecaberat

231 4190 323 4249 AEliau.
335 4199 353 4248 l.
364 4212 431 4259 unu,
445 4195 547 4246 Variar.
561 4194 633 4244 Hist.
644 4208 704 4257 cap.
715 4197 756 4245 11.
792 4186 892 4238 ubido:
916 4185 982 4233 hanc
1002 4197 1035 4236 ex
1051 4182 1138 4231 liberis
1155 4181 1212 4244 ejus
1229 4182 1323 4247 imper.

230 4274 312 4324 Solin-
323 4278 431 4337 capse.
453 4273 552 4323 Seneca
562 4271 648 4336 Epist.
657 4273 698 4321 8⁰.
712 4271 758 4321 vl·
795 4265 933 4316 toritatem
950 4261 1063 4311 tolerare
1080 4273 1131 4310 non
1149 4260 1244 4324 potuit,
1259 4275 1320 4326 quo·
