3184 4959
281 360 347 426 utu
635 377 743 428 uorat
767 376 965 428 vantonuu
990 380 1031 428 ru

283 517 322 582 gis
336 531 355 566 ι.
365 517 434 568 solus
451 518 541 568 consul
558 516 617 580 fuit,
632 527 661 568 nt
678 519 814 571 cuntodo-
850 519 1383 586 etOnnphr.Paarlnins,perpsrampnts,

283 608 324 642 rm
335 593 361 642 in
374 591 447 642 lastis
460 592 550 644 refert.
562 601 589 644 at
602 596 671 658 apud
683 597 813 646 Marcelli·
849 595 921 647 Aeni
933 597 1019 658 magni
1031 597 1099 645 illius
1112 596 1185 646 ducis
1195 595 1276 646 tilium
1286 606 1381 658 rocat;

283 683 342 718 uum
355 669 455 730 collega
466 669 593 719 Eusebius
605 671 717 720 additur.
747 673 813 720 Cen·
848 669 958 720 fortasse
974 673 1076 734 metius,
1093 686 1125 720 ex
1143 672 1290 722 Gaudentio
1307 672 1382 722 netu

281 744 337 794 sule
349 751 377 794 et
394 744 576 796 cassiodorum
595 747 657 796 Var.
673 760 711 798 tv.
728 747 813 810 Epist.
849 744 912 808 lilio,
923 747 996 810 eujus
1011 747 1128 797 meminit
1140 748 1167 796 in
1179 748 1308 796 Chronico
1319 748 1381 797 Ida·

282 833 352 870 xxx.
372 820 490 870 Beruart.
849 822 910 884 tius,
923 829 1045 884 nepotem
1062 822 1190 872 dixisset:
1208 821 1379 884 Aitiusenim

316 897 354 945 Ne
365 895 491 959 Albinam]
518 896 561 945 Ad
578 895 701 946 Albinum
720 903 812 948 extant
848 897 948 948 occisus
960 905 999 946 est
1011 911 1035 946 a.
1047 911 1140 948 coetu.
1152 896 1242 960 Opilio
1255 911 1315 946 vero
1328 897 1381 946 iste

281 971 350 1036 apud
362 971 545 1022 Cassiodorum
559 971 605 1021 lib.
619 987 638 1020 ι.
654 974 716 1023 Var.
727 975 811 1037 Epist.
848 985 915 1022 aueo
935 985 1057 1025 uxxxrv.
1077 987 1135 1022 cnm
1153 973 1256 1024 Liberia
1270 973 1381 1034 patricio

280 1052 322 1098 2⁰.
335 1054 362 1098 et
370 1048 415 1097 lib.
426 1061 467 1098 ιν.
478 1049 563 1110 Epist.
572 1051 613 1096 30.
628 1047 714 1099 Silam.
847 1047 1016 1097 'l'heodabadi
1028 1048 1061 1097 de
1080 1062 1145 1112 pace
1157 1048 1190 1096 ad
1200 1047 1380 1098 Justinianum

315 1123 386 1172 Odiis
396 1138 433 1172 rae
446 1123 561 1187 Cyprium
576 1127 688 1174 demotis
703 1127 811 1190 opposui]
847 1123 949 1186 legatus
961 1123 1215 1187 Constantinopolim
1226 1124 1319 1172 missus
1330 1131 1383 1183 est,

281 1197 417 1249 Qnisillc?
439 1198 554 1248 idemne
571 1199 810 1264 dequollthalari·
849 1207 877 1249 nt
902 1201 995 1250 scribit
1017 1200 1163 1264 Procopius
1187 1200 1233 1248 lib.
1257 1214 1275 1248 ι.
1308 1199 1380 1249 Hier.

280 1286 325 1322 eus
347 1273 403 1322 Rex
423 1274 492 1336 apud
510 1275 691 1326 Cassiodorurn
709 1279 726 1327 l.
746 1291 810 1328 verr.
848 1276 978 1338 Gothicae,
987 1290 1046 1325 cnm
1056 1290 1135 1338 supra
1146 1288 1240 1324 annum
1249 1275 1379 1336 octogesi-

280 1347 383 1402 Veniet.
393 1349 513 1412 Epistola
529 1364 590 1400 xxr.
607 1351 744 1402 ‘Seneseis
755 1355 810 1417 qui·
847 1366 915 1400 mum
927 1351 1094 1412 constitutus,
1105 1350 1188 1399 minus
1199 1349 1323 1412 legationi
1335 1349 1380 1398 isti

280 1423 338 1472 dem
350 1438 468 1487 corpore,
485 1425 531 1474 aed
543 1426 620 1475 lande
633 1427 782 1488 juvenescis
795 1431 811 1479 ι’
847 1437 924 1489 aptus
942 1427 1021 1476 fuisse
1040 1437 1187 1475 censeatur.
1221 1427 1281 1476 Non
1298 1426 1320 1473 is
1339 1426 1378 1474 iu-

279 1506 308 1548 et
319 1506 380 1563 post
389 1501 487 1552 multa:
505 1503 513 1530 ‘
527 1502 700 1553 Quamobrem
721 1506 809 1554 multia
847 1518 923 1566 qnam
934 1519 942 1564 3
952 1504 1008 1564 sed,
1019 1509 1048 1552 nt
1055 1502 1195 1553 doctissimi
1204 1501 1333 1550 sirmondi
1344 1499 1377 1548 ad

278 1575 408 1627 laboribus
419 1577 550 1640 multaque
560 1576 612 1626 lide
623 1585 650 1628 et
660 1581 810 1630 constantia
848 1578 932 1642 Epist.
943 1593 988 1628 111.
998 1578 1044 1628 lib.
1053 1592 1079 1628 v.
1088 1577 1201 1628 Euuodii
1214 1575 1301 1625 verbis
1310 1583 1379 1642 utar,

278 1651 457 1713 comprobato,
487 1652 645 1703 Patrieietus
667 1654 726 1718 tibi,
750 1657 809 1707 Deo
846 1655 978 1703 ‘diversus
988 1654 1078 1702 abhoc
1091 1652 1220 1701 consulari
1232 1653 1274 1701 hic
1285 1652 1379 1701 eadem

278 1729 394 1791 auspice,
409 1727 568 1781 conferimus
584 1732 747 1796 dignitatem,
764 1735 809 1784 ho.
847 1737 927 1779 atate
950 1728 1040 1792 Opilio
1059 1727 1145 1778 Boiitii
1167 1729 1280 1790 delator,
1301 1743 1377 1792 quern

278 1819 367 1857 norem
387 1805 492 1870 quidem
510 1809 617 1869 celsum,
633 1809 679 1858 sed
695 1810 739 1874 qtri
756 1811 808 1860 tnia
847 1807 1000 1869 perstringit
1010 1808 1028 1854 l.
1042 1817 1062 1854 ι.
1073 1805 1106 1854 de
1123 1803 1317 1852 Consolatione.
1351 1803 1378 1852 la

277 1879 719 1946 meritisprobeturesseaequalis?
739 1885 807 1933 Saue
846 1882 966 1931 nimimm
985 1896 1061 1946 quem
1083 1880 1250 1931 Athalarieus
1275 1887 1378 1942 postea,

278 1954 320 2002 rix
333 1954 426 2003 credo:
447 1954 534 2018 utique
552 1970 610 2004 cum
626 1957 695 2019 apud
711 1959 808 2010 Proco-
848 1965 876 2007 nt
898 1968 940 2006 est
963 1958 1032 2021 apnd
1051 1957 1231 2006 Cassiodorum
1250 1955 1295 2006 lib.
1314 1969 1378 2006 ιιιι.

278 2023 348 2093 pi'nur
360 2030 465 2093 legerim
478 2031 509 2078 de
522 2030 591 2080 hello
608 2031 751 2083 Gothorum
763 2034 808 2084 lib.
846 2033 932 2096 Epist.
944 2046 1004 2083 xvr.
1032 2034 1157 2082 Comitem
1177 2046 1309 2081 sacrarum
1326 2031 1376 2080 lar·

278 2120 298 2155 ι.
317 2104 496 2156 ‘Theoderico
512 2106 592 2168 igitur
612 2121 658 2157 suo
679 2106 733 2158 fato
749 2123 807 2171 per·
845 2106 971 2170 gitionnm
993 2107 1058 2157 iecit
1073 2108 1163 2156 indict.
1175 2120 1214 2156 vr.
1232 2107 1282 2156 hoc
1294 2114 1334 2155 est
1350 2122 1376 2156 a.

277 2179 376 2245 functo,
387 2179 551 2236 Auruncus
562 2183 637 2246 hujus
649 2197 683 2232 ex
699 2183 751 2234 tilia
762 2199 806 2234 ne·
845 2195 969 2232 enutri.
990 2184 1101 2232 triennio
1117 2191 1255 2247 postquam
1267 2198 1283 2232 a
1293 2173 1375 2233 Thc'o·

279 2271 327 2322 pos
334 2258 451 2322 suscepit
461 2258 810 2322 imperium‚anuosectenoa
844 2259 935 2309 dorico
946 2260 1004 2310 aad.
1024 2260 1155 2309 Comitira
1172 2267 1278 2307 ornatus
1288 2258 1376 2310 inerat

278 2342 365 2398 natus,
375 2334 423 2384 sub
434 2333 711 2388 matreAtaalaauntha
722 2336 807 2387 adhue
844 2334 990 2398 Cyprianus
997 2335 1054 2398 ejus
1065 2334 1155 2395 frater,
1164 2334 1301 2382 delatorct
1309 2333 1377 2398 ipse,

275 2409 487 2461 muneraremur
499 2409 576 2474 liujus
588 2417 665 2474 peter
673 2425 706 2460 err
718 2410 807 2462 hnma-
844 2417 875 2463 ut
886 2410 976 2460 scribit
986 2409 1102 2470 Bo‘e'tius,
1119 2410 1207 2459 Albini
1223 2411 1376 2466 consularis.

276 2485 484 2548 nisexcesserat,
501 2499 550 2538 nec
568 2485 644 2549 longo
664 2493 725 2550 poet
742 2495 806 2540 tem.
845 2485 914 2538 Quin
923 2493 951 2535 et
959 2486 1051 2535 horum
1062 2500 1164 2550 quoque
1176 2486 1284 2535 fratrum
1299 2493 1377 2550 pater

278 2575 340 2623 pore
352 2576 430 2624 qurum
439 2560 602 2612 Justinianns
614 2562 716 2612 iniisset
726 2563 807 2626 impe-
845 2559 936 2624 Opilio
955 2560 1031 2623 alins,
1048 2561 1092 2624 qui
1110 2559 1202 2608 Comes
1216 2561 1279 2609 item
1290 2575 1375 2610 sacra·

277 2636 352 2686 rium.
385 2635 573 2688 Amalasuntha
581 2638 679 2700 itaque,
689 2637 736 2688 filii
748 2654 808 2702 pro.
845 2648 902 2683 rum
914 2634 1079 2697 largitionum
1089 2632 1174 2682 iuerat
1188 2634 1236 2682 sub
1253 2634 1375 2685 Odoacre

277 2709 409 2758 curatione
419 2714 550 2772 srrscepta,
569 2724 675 2773 regnum
688 2711 808 2762 adminie·
844 2709 891 2758 lib.
902 2711 964 2758 Ver.
973 2722 1001 2757 ιι.
1013 2709 1098 2772 Epist.
1109 2708 1167 2758 xi.)
1187 2709 1275 2759 Vallia.

277 2785 379 2834 trahat:
401 2783 539 2846 prudentia
556 2791 584 2834 et
602 2787 727 2850 aequitate
739 2788 808 2837 miri·
878 2783 1007 2848 cypriana]
1025 2784 1127 2833 Fallet?
1146 2782 1237 2833 aniuit
1251 2783 1296 2833 ille
1307 2784 1374 2849 ipse,

276 2858 325 2910 tice
336 2860 448 2923 pollens,
469 2860 568 2912 virilem
585 2877 641 2926 prae
660 2877 687 2912 se
705 2861 809 2915 ferebat
844 2861 887 2911 eni
898 2859 1088 2910 deferendarii
1107 2858 1219 2908 officinm
1238 2859 1374 2912 laboriosis

276 2947 409 2986 naturam:
421 2935 521 3000 quippe
534 2939 655 3002 quandiu
664 2939 719 2990 haec
728 2941 807 3004 impe·
845 2936 955 3000 primum
967 2935 1158 2986 conditionibus
1169 2935 1286 2997 obeunti,
1295 2950 1373 3001 prop-

275 3009 807 3074 rtopretutnttouanornmneninemvet
844 3020 885 3063 ter
907 3014 1082 3077 eloquentiam
1108 3013 1266 3078 aliarumque
1286 3027 1373 3065 rernm

275 3086 391 3150 corporis
404 3084 589 3150 effecitpoena,
605 3091 806 3155 velrerumjec·
844 3089 964 3154 peritiam
982 3088 1156 3138 'lheodoricus
1181 3088 1238 3138 Rex
1263 3088 1374 3138 contulit

276 3168 353 3214 taras
374 3163 517 3224 quinetiam
538 3177 587 3215 uec
609 3164 708 3214 Gothos
728 3167 807 3228 ipsos,
844 3166 997 3228 dignitatem
1017 3166 1155 3214 Sacrorum
1178 3163 1373 3226 largitionum:

275 3237 326 3287 etsi
337 3236 480 3288 lacessendi
497 3240 625 3292 Romanos
642 3240 808 3302 percupidus,
844 3239 1009 3288 Athalaricns
1033 3254 1105 3300 vero,
1130 3238 1207 3301 hujus
1233 3252 1374 3302 successor,

272 3313 429 3378 hisnnoquo
442 3322 520 3378 pecto
535 3315 655 3377 injuriam
673 3315 806 3378 permitte·
843 3312 996 3376 dignitatem
1013 3313 1188 3364 Patriciatnsi
1204 3312 1272 3362 Vide
1287 3314 1372 3364 Cassi-

272 3388 318 3440 bat
337 3387 454 3444 inferrer
475 3390 540 3454 quin
557 3392 643 3454 potius
658 3391 804 3456 Symmachi
842 3388 950 3438 odorum
969 3389 1036 3437 libro
1058 3388 1148 3451 quinto
1165 3387 1268 3440 Variae.
1287 3388 1373 3451 Epist.

273 3477 305 3514 ac
316 3464 407 3520 Boiitii
425 3465 514 3522 liberis
526 3473 637 3529 paterna
648 3467 717 3524 bona
729 3469 804 3524 resti·
841 3470 885 3515 to.
905 3472 933 3514 et
955 3469 1011 3514 iil.
1033 3465 1099 3512 libro
1116 3470 1209 3513 octavo
1228 3462 1313 3528 Epist.
1328 3467 1371 3515 nt.

273 3539 334 3600 tuit,
353 3538 459 3588 dndnm'
477 3541 527 3604 (ait
547 3542 670 3599 Aretiuus
683 3545 728 3594 lib.
740 3559 759 3595 ι.
770 3546 804 3595 de
841 3541 928 3592 Sitzsr.

273 3612 343 3662 helio
356 3612 417 3664 ital.
433 3620 516 3664 contr.
527 3613 602 3678 Gal.)
619 3619 804 3674 ίιιΤΙιειιάιιιί-
875 3615 968 3673 Quibus
989 3621 1068 3671 natm
1087 3614 1243 3675 deserentibus
1258 3617 1372 3682 pattici]

273 3701 304 3743 eo
316 3686 460 3750 publicata,
471 3686 581 3746 afferens
592 3705 635 3740 eos
646 3691 718 3742 falsis
734 3694 804 3750 deis·
841 3691 883 3741 lta
905 3690 1050 3740 rectissime
1070 3699 1188 3740 veteres:
1205 3692 1294 3740 excusi
1311 3706 1369 3756 per·

273 3761 387 3815 tionibus
409 3769 437 3812 et
457 3768 554 3820 temere
577 3779 592 3812 a
613 3778 676 3828 rege
694 3767 803 3823 creditis
841 3779 925 3828 nerse,
944 3765 1057 3830 pereuni.
1090 3767 1197 3816 Tacitus
1217 3765 1285 3816 Anu.
1308 3779 1368 3818 xiv.

272 3835 517 3892 fuissedanmatoa!
533 3838 647 3893 Batnon.
841 3839 989 3890 ‘Perculso
1012 3840 1121 3907 Seneca,
1146 3850 1293 3906 promptum
1316 3840 1367 3891 init

307 3915 435 3980 Cypriani]
458 3914 602 3978 Cyprianus
614 3923 642 3965 et
653 3913 742 3978 Opilio
750 3914 802 3968 fra·
841 3913 935 3970 Rufum
948 3914 1235 3967 Feniumireminuere!
1254 3916 1366 3970 Besaro-t.

274 3997 328 4039 tres
344 3991 425 4042 inere·
460 3991 521 4042 Non
538 3991 583 4043 ille
605 3991 695 4055 Opilio
714 3993 758 4057 qni
777 4009 801 4044 a.
873 3990 980 4047 Quorum
991 3990 1105 4054 Basilius,
1119 3989 1251 4050 otiorregs'o
1261 3989 1366 4040 sumato-

273 4078 373 4118 nutv.
385 4067 544 4116 consulatum
556 4081 615 4117 cum
625 4067 729 4122 Justino
739 4069 802 4133 imp.
839 4065 876 4117 riu
887 4066 1008 4131 depulsas]
1025 4069 1138 4130 Propter
1155 4066 1244 4127 magiae
1261 4066 1367 4118 crimen.

274 4141 448 4205 necunquam
459 4142 539 4192 virtum
548 4143 683 4193 sublimem
694 4150 721 4194 et
733 4157 803 4210 nteg-
838 4142 1013 4195 Theodericus
1026 4157 1072 4192 rex
1087 4140 1156 4204 apud
1168 4140 1242 4192 cass.
1254 4141 1318 4191 Var.
1329 4156 1367 4194 ιι.

274 4212 379 4266 uilicum
391 4218 522 4270 Ennodiue
540 4218 589 4280 Ep.
604 4221 676 4271 uni.
690 4233 800 4284 uquenr
840 4220 889 4283 Ep.
919 4233 991 4273 1¹11.
1017 4219 1050 4269 ad
1078 4217 1169 4280 Argol-
1196 4216 1279 4271 Prot.
1301 4219 1365 4272 Urb.
