3184 4959
507 409 764 460 nnruosoeurn
789 409 860 458 nun.
884 409 936 457 rr.
1211 390 1279 456 366

178 571 342 618 sermone.
386 551 465 618 Hoc
480 559 607 618 tuntum
623 555 861 638 prospexisse²
891 551 1046 629 sufficiat,
1074 550 1276 636 quodnetu-

177 673 289 718 rarum
299 653 444 718 omnium
453 654 621 737 proditor⁸
634 657 729 721 Dens
739 656 826 720 idem
836 656 881 720 ad
891 656 1012 719 bonum
1021 654 1166 736 dirigens
1176 673 1276 718 cunc-

164 761 214 818 ta
228 755 402 838 disponat:
426 755 573 839 dumque
589 777 631 823 ea
651 779 728 842 quae
744 760 895 842 protulit,
909 758 1011 822 insui
1026 754 1277 820 similitudinem

176 857 320 920 retinere
334 857 481 934 festinat,
497 859 621 924 malum
648 879 745 926 omne
760 863 802 926 de
815 859 1015 944 reipublicae
1037 876 1109 921 snae
1130 855 1278 921 terminis

176 976 237 1038 per
250 956 363 1022 fatalis
387 959 507 1023 seriem
527 962 741 1026 necessitatis
755 963 953 1027 eliminet.·³
999 955 1079 1036 Quo
1094 957 1133 1021 fit
1149 962 1188 1021 ut
1201 977 1278 1040 qnae

175 1056 325 1122 interris
341 1059 511 1125 abundare
527 1063 716 1140 ereduntur,
730 1064 760 1127 si
773 1062 1003 1144 disponentem
1021 1057 1278 1122 Providentiam

179 1166 326 1238 spectes,
350 1157 433 1222 nihil
455 1176 600 1240 usquam
626 1155 708 1218 mali
734 1176 810 1220 esse
835 1160 1049 1236 perpendes.⁴
1092 1159 1162 1224 Sed
1177 1158 1277 1223 video

172 1258 377 1342 jamdudum
391 1266 435 1336 te,
452 1264 488 1322 et
500 1256 648 1340 pondere
661 1255 862 1338 quaestionis
881 1261 1064 1334 oneratum,
1079 1268 1114 1324 et
1134 1260 1276 1325 rationis

177 1360 372 1443 prolixitate
385 1359 574 1444 fatigatum,
590 1357 742 1439 aliquem
756 1356 915 1421 carminis
937 1362 1117 1439 expectere
1132 1360 1278 1424 dnlcedi-

177 1479 264 1526 nem.
309 1458 437 1542 Accipe
465 1459 565 1540 igitur
592 1458 775 1537 haustum?
808 1476 875 1540 quo
900 1457 1058 1540 refectus,
1086 1459 1213 1526 tirmior
1241 1462 1277 1524 in

179 1560 549 1628 ulteriorecontendas.
945 1571 949 1578 ’

179 1744 316 1795 'Creoton
380 1754 394 1778 ¹·
412 1745 528 1810 Espelttt.
593 1745 744 1794 versuum.
784 1809 786 1822 Ι

638 1870 823 1894 W

179 1961 274 2006 tontum
282 1955 428 2019 perspexisse
438 1956 532 2020 Delph.
542 1955 679 2008 Beck-³
695 1957 748 2006 Ms.
760 1953 980 2005 trutenhusen.
999 1953 1117 2007 Noriurh·
1133 1953 1279 2007 etnim.-

181 2025 197 2070 4
218 2021 320 2084 Uspuorr
330 2035 378 2072 esse
385 2023 517 2084 perpendo
528 2017 623 2086 Delph.
634 2021 722 2072 Hsck.

676 2155 786 2206 NOTAE

180 2285 265 2336 neque
285 2270 372 2321 verbis
398 2269 530 2334 explicare
560 2283 710 2334 possumus:
751 2273 840 2317 autern
848 2267 1184 2334 hreconinismetannurn
1194 2269 1279 2321 Deon

181 2348 279 2408 optime
311 2345 379 2394 eninr
406 2343 536 2393 Homerus
567 2343 645 2394 llied.
673 2343 712 2395 Μ.
752 2343 846 2406 eloqui.

181 2418 314 2484 Ἀργαλέον
324 2420 344 2469 δ’
355 2417 404 2484 ee,
415 2421 463 2470 dcc.
475 2419 523 2470 hoc
536 2425 593 2470 est:
606 2417 712 2470 difficile

598 2637 861 2652 Μ..

577 2847 791 2914 METRUM
815 2847 879 2914 v1.

397 2995 436 3058 St
452 2996 506 3061 vis
521 2997 607 3060 celsi
616 2996 695 3081 jura
708 2997 881 3061 tonantis?

399 3095 494 3157 Pura
509 3097 616 3161 solers
631 3115 765 3158 cernere
780 3100 913 3172 mente,‘¹

213 3271 244 3322 ss·
257 3273 374 3324 desideras
383 3277 505 3327 ademere
520 3277 691 3340 prwidents'am
706 3277 755 3326 ne·
769 3276 864 3340 mmm,
879 3280 956 3326 mate
972 3277 1084 3341 diligenti
1095 3282 1120 3327 st
1128 3291 1197 3340 puro,
1207 3276 1282 3325 cusi-

679 3420 786 3472 NOTAE

215 3532 633 3596 nenotenarsisffroviuentism
642 3529 711 3577 Dei:
753 3530 953 3590 consueverunt,
972 3529 1003 3575 ut
1023 3524 1116 3576 Podtse
1138 3529 1283 3590 prasertim

182 3620 312 3657 unrocum
329 3609 385 3658 haee
396 3605 598 3656 ‘Providentia'
609 3620 643 3655 ex
659 3605 713 3654 dic·
752 3601 908 3652 nominando
930 3599 1144 3664 ‘fulgurantemf
1164 3602 1172 3630 ⁴
1192 3609 1283 3653 tonsu-

183 3683 218 3730 tis
228 3683 276 3730 ‘sit
287 3683 377 3732 divine
392 3683 457 3733 ratio
474 3683 500 3730 in
519 3696 616 3732 summo
632 3681 711 3730 omni·
753 3677 824 3742 tem,’
838 3677 882 3727 et‘
892 3676 1091 3740 fulminantem,'
1101 3679 1189 3728 Deum
1206 3679 1283 3729 intel·

182 3770 225 3804 nur
244 3757 360 3821 principe
378 3759 520 3808 constitute
538 3773 597 3823 quae
616 3763 712 3808 cuncte
752 3756 799 3820 ligi
809 3756 896 3816 velint

183 3830 314 3894 disponit,’
324 3832 381 3884 haec
398 3845 449 3880 non
464 3832 593 3882 immerito
603 3841 711 3882 vocetur
783 3839 795 3872 ‘¹
812 3832 881 3879 Puro
895 3831 966 3880 solen
979 3845 1073 3880 cernere
1084 3832 1173 3894 nonu]
1188 3834 1282 3884 Mente

178 3906 425 3968 pertineremus
442 3906 487 3956 lex
503 3907 600 3958 divine.
632 3908 711 3956 Dein·
751 3909 869 3957 omnihus
890 3907 1049 3974 prejudiciis
1068 3915 1147 3958 eruto
1165 3910 1235 3961 clere
1254 3919 1283 3962 et

183 3983 217 4031 de
240 3996 301 4031 vero
322 3981 451 4032 ‘tonans'
473 3989 513 4031 est
534 3984 624 4032 Deus:
652 3998 712 4032 cunr
752 3985 877 4035 distincte
895 3999 1060 4047 cognoscere,
1075 3987 1187 4036 divinum
1206 3989 1282 4037 nirni-

183 4059 253 4107 enim
273 4072 356 4107 cuusae
375 4058 521 4122 peculiares
539 4057 656 4122 fulguris,
673 4066 712 4109 to·
752 4075 809 4109 rum
816 4061 1028 4110 Providentiam:
1039 4062 1208 4125 hujuscutem
1217 4065 1283 4114 Pro·

184 4132 274 4194 nitrui,
286 4140 314 4181 et
324 4131 436 4183 fulminis
449 4133 524 4198 vulgo
536 4147 587 4182 non
599 4136 712 4185 innotes·
751 4137 884 4199 videntis,
899 4136 989 4199 judice
1014 4137 1188 4202 Philosophia,
1208 4151 1283 4203 ergn-

185 4209 320 4269 csnt‚haec
337 4207 432 4260 effecta
442 4209 481 4259 its
496 4207 544 4260 soli
560 4209 617 4258 Deo
634 4211 712 4261 tribui
753 4219 842 4262 mente
857 4217 917 4262 suut
933 4212 996 4275 ipse
1013 4220 1113 4266 nature
1127 4216 1208 4279 leges,
1218 4229 1281 4279 quas
