3184 4959
657 451 810 504 uenturi
835 449 882 504 Dii
906 448 1060 504 CONSOL·

478 594 551 660 Aut
565 597 642 681 quis
656 597 770 662 valeat
783 597 913 661 nescita
924 596 1043 679 sequit

480 698 601 776 Quove
616 698 773 776 inveniat,
788 699 907 781 quisve
922 699 1109 780 reportam'

479 795 593 876 Queat
607 798 742 880 ignarus
756 817 895 862 noscere
909 797 1075 860 formami

477 896 533 960 An
547 918 622 962 oum
636 905 802 962 mentem⁰
822 902 970 961 comeret
983 896 1097 974 altam,

420 1063 425 1074 ‚
478 997 610 1061 Pariter
620 1017 782 1062 summam
797 1005 831 1062 et
843 998 971 1079 singula
985 997 1102 1073 norati

479 1097 582 1160 Nune
595 1098 815 1161 membrorum
829 1097 963 1161 condita
976 1099 1076 1172 nube,

475 1195 557 1262 Non
571 1199 606 1260 in
620 1203 730 1260 totum
743 1200 794 1259 est
809 1196 917 1258 oblita
930 1195 996 1272 sui,

478 1296 716 1376 Summamque
731 1299 821 1356 tenet
833 1294 966 1373 singula
980 1293 1131 1375 perdens

478 1397 585 1477 Igitur
599 1393 754 1479 quisquis
769 1411 850 1456 vera
863 1394 1026 1475 requirit,p
1358 1397 1403 1460 25

477 1496 608 1560 Neutro
621 1500 674 1560 est
687 1495 803 1559 habitu
815 1502 846 1558 :q
866 1513 944 1558 nam
959 1515 1070 1578 neque
1085 1496 1191 1574 novit,
1397 1487 1402 1497 ’

304 1671 379 1734 poerit
388 1669 494 1734 prosequi
503 1669 605 1732 moto?
620 1686 664 1733 prro
681 1671 748 1719 mom
770 1669 857 1732 eliquia
873 1669 988 1729 inmisi,
1005 1676 1048 1719 aut
1064 1671 1201 1731 dignoscere
1216 1669 1403 1732 poeritsororarrt

305 1737 434 1795 moenum,
446 1735 513 1794 iper
523 1731 641 1796 &aaran
674 1735 769 1794 Nonne,
787 1749 841 1782 eura
851 1749 916 1783 mors
929 1735 1031 1782 Memno
1048 1735 1138 1782 ridere
1153 1739 1252 1783 mear
1262 1747 1402 1796 ammei,

305 1800 358 1860 ipso
377 1798 526 1859 senescebat
536 1813 575 1846 ree
585 1803 635 1846 tom
651 1797 789 1858 singulatim
804 1813 873 1860 quom
890 1794 1043 1858 generatim?
1059 1811 1121 1846 nane
1138 1811 1192 1846 erro
1203 1799 1282 1846 neimo
1301 1797 1403 1846 umbrie

306 1864 418 1922 eorporis,
429 1862 475 1910 etsi
485 1876 531 1910 roro
542 1866 577 1908 esi
588 1861 681 1908 omuino
691 1862 812 1912 immemor
821 1862 867 1922 sai,
877 1867 954 1909 cetero
965 1875 1011 1908 eoa
1020 1861 1159 1919 sirmeum
1168 1861 1269 1923 quidem,
1277 1863 1318 1908 sed
1330 1875 1402 1922 gerre-

305 1925 379 1974 rotim
389 1926 516 1986 cognoscit.
552 1923 695 1985 Quicumque
705 1938 762 1984 ergo
770 1925 901 1985 investiget
912 1925 1044 1983 veritatem,
1056 1924 1079 1972 is
1093 1939 1139 1971 rrorr
1148 1923 1252 1987 afficitor
1260 1924 1352 1972 omnino
1361 1929 1404 1973 out

305 1988 454 2050 ignoratione
465 1991 506 2036 out
515 1987 627 2035 edentia:
646 1987 760 2048 amatim
771 1988 811 2035 iiie
820 2001 893 2049 reque
903 1987 1021 2048 eogaosoii
1031 1987 1119 2048 oraaia,
1134 2001 1207 2049 aeque
1217 1991 1296 2036 tornea
1310 1989 1403 2038 emmae

799 2114 910 2165 NOTAE

307 2219 524 2280 etinvenire,hio
536 2223 684 2268 tamennon
701 2224 787 2282 posset
798 2219 836 2281 ig·
875 2219 948 2268 oiort
967 2219 1012 2269 sed
1027 2233 1085 2285 quoe
1102 2235 1171 2270 nuno
1187 2219 1219 2268 ab
1234 2218 1326 2268 eodem
1336 2217 1403 2268 Boii-

202 2297 210 2322 '
307 2301 397 2344 notum
416 2293 589 2357 dignoscendo
607 2309 623 2342 a
633 2294 726 2344 ceteris
746 2293 835 2342 distin·
875 2295 930 2343 tbio
940 2294 1068 2352 dicuntur,
1079 2296 1135 2344 baec
1145 2295 1225 2344 etiam
1236 2291 1404 2342 refutataiiia

307 2383 401 2434 gnere:
419 2369 494 2432 ‘quia
506 2369 835 2434 repertamqueatignarus
874 2369 992 2418 Platonis
1002 2370 1132 2420 sententia
1148 2374 1257 2433 possunt
1271 2366 1401 2430 intelligi3

308 2459 416 2494 noscere
426 2443 533 2494 formam
542 2443 560 2494 i'
585 2444 629 2493 Sio
641 2451 837 2508 argumentatur
875 2444 960 2507 posito
970 2459 1012 2506 eo,
1022 2445 1048 2493 in
1059 2459 1109 2508 qno
1129 2444 1257 2494 credimur
1274 2443 1403 2492 Adamnrrr

307 2520 386 2570 Plato
397 2519 445 2569 sub
453 2535 564 2583 persona
573 2520 689 2568 Socratis
706 2521 733 2569 in
745 2521 836 2569 Meno·
875 2519 1007 2568 conditum
1019 2517 1108 2576 fnisse,
1118 2521 1126 2548 ⁸
1138 2519 1295 2568 innocentie
1307 2517 1403 2567 statut*

307 2607 356 2644 ne:
373 2593 538 2656 ‘Ponamus,'
554 2593 645 2658 iuquit,
663 2595 784 2644 ‘serrum
796 2595 835 2644 iu·
874 2595 902 2643 in
912 2595 960 2644 boe
971 2595 1039 2643 enim
1057 2601 1128 2643 statu
1147 2608 1219 2642 meus
1237 2594 1348 2641 humana
1358 2606 1404 2654 pa·

309 2669 418 2732 pitirum
430 2668 463 2717 ab
475 2670 526 2718 aiio
543 2683 628 2732 servo,
644 2683 721 2732 aquo
732 2671 835 2719 omnino
874 2669 966 2718 eniiari
976 2668 1088 2732 quodam
1096 2667 1187 2717 modo‘
1197 2667 1323 2716 comebat
1333 2680 1404 2716 meu·

307 2744 378 2807 prior
387 2747 528 2806 ignoratur,
536 2743 639 2792 domino
647 2745 780 2808 utriusque
789 2746 835 2794 im·
875 2752 929 2796 tem
937 2743 1243 2806 altam,'nempeDenm:
1256 2743 1404 2791 nndemax·

309 2827 429 2883 perante,
445 2820 541 2884 quaeri:
569 2818 666 2868 frustra
687 2820 728 2869 irio
749 2833 837 2870 servus
875 2816 1403 2882 imampartemrerumoognoseendarnm

309 2903 427 2960 queret:
449 2895 565 2960 quamvis
584 2896 652 2944 enim
669 2895 737 2944 idem
747 2895 774 2943 iu
785 2909 838 2944 ser·
875 2909 928 2943 non
939 2895 1021 2944 solum
1030 2892 1182 2956 generatim,
1195 2891 1241 2940 sed
1262 2891 1341 2940 etiam
1353 2891 1404 2939 sin·

305 2984 366 3018 vum
383 2969 527 3034 fugitivum,
538 2983 615 3034 quem
634 2969 736 3032 quaerit,
752 2968 837 3018 incur·
876 2971 984 3033 galatim
992 2966 1181 3032 cognoscebat:
1204 2965 1324 3028 ‘pariter
1333 2979 1403 3013 sum·

306 3051 359 3108 rat,
379 3045 488 3095 eundem
510 3060 539 3094 aa
556 3043 684 3093 invenisse
706 3043 836 3107 ignorans,
874 3050 978 3096 memet
993 3039 1195 3109 singuianornt’
1228 3040 1405 3103 Atejuspos.

306 3119 390 3181 ipsum
406 3133 458 3168 uon
469 3120 568 3182 poterit
579 3119 742 3182 dignoscere,
756 3119 810 3168 sive
819 3133 837 3168 a
874 3120 933 3182 teri,
943 3121 970 3169 in
981 3133 1081 3183 prauam
1097 3115 1200 3181 peceati
1216 3114 1290 3177 bajas
1300 3113 1340 3162 ani
1352 3115 1405 3176 pri·

308 3194 404 3242 ceteris
415 3192 594 3256 distinguere!
873 3195 910 3242 mi
920 3195 1045 3255 parentis,
1052 3189 1290 3254 perturbationibus
1301 3188 1339 3238 ita
1349 3186 1403 3237 affi-

340 3267 403 3316 ‘Aa
412 3281 465 3316 oum
482 3272 590 3329 mntem,
607 3267 660 3330 te]
685 3266 776 3314 Plures
788 3279 835 3327 pn·
874 3267 987 3327 ciuntur,
1001 3271 1031 3315 nt
1046 3277 1137 3313 eornm
1148 3277 1229 3326 mens,
1238 3264 1351 3314 noudum
1363 3269 1402 3314 ta-
1418 3257 1421 3260 ⁴

307 3345 376 3405 tant,
385 3340 523 3402 Boethium
533 3341 560 3388 in
575 3340 673 3403 reiiqoo
685 3339 732 3386 iroo
743 3338 835 3387 earmi-
873 3353 932 3389 men
950 3339 1057 3388 omnino
1078 3337 1160 3387 oblita
1181 3338 1230 3401 sni,
1251 3340 1326 3402 pinra
1351 3352 1404 3391 uon

301 3429 342 3466 ¹ue
354 3417 426 3480 sequi
439 3416 594 3466 sententiam
606 3413 732 3475 Platonis,
743 3413 796 3478 qui,
806 3419 836 3462 ut
874 3413 1022 3476 singulatim
1033 3411 1080 3462 sed
1091 3414 1236 3475 generatim
1254 3415 1334 3464 seium
1343 3428 1403 3478 eog-

309 3489 432 3552 exipsius
451 3491 575 3553 Menone,
591 3489 760 3554 pluribusque
778 3490 835 3540 aiiia
873 3493 980 3539 noscat:
996 3486 1156 3537 ‘summam’
1174 3490 1258 3538 enim‘
1271 3488 1403 3539 teuetsin·

306 3561 379 3610 libris
386 3565 496 3621 constat,
507 3563 673 3624 existunarit,
680 3569 780 3612 mentes
789 3563 836 3611 iru-
874 3565 936 3627 gula
947 3563 1058 3627 perdens
1065 3563 1082 3613 ε’
1104 3568 1233 3628 quatenus
1243 3564 1339 3613 etenim
1349 3565 1404 3613 Dei

308 3649 406 3696 manas,
416 3639 554 3698 autequam
565 3633 606 3682 bae
615 3649 673 3684 curn
684 3636 835 3699 corporibus
874 3638 930 3688 aive
947 3639 1023 3700 ‘ejus
1035 3639 1078 3702 qui
1089 3638 1144 3687 est’
1162 3640 1267 3688 notione
1281 3637 1404 3688 informa·

309 3711 540 3775 eonjungerentor,
567 3709 694 3771 conditas,
716 3711 835 3774 perfecta
875 3711 1020 3773 tur,omnia
1029 3712 1173 3775 generatim
1184 3714 1271 3763 norit:
1285 3713 1332 3762 sed
1341 3728 1406 3776 qna·

308 3785 420 3836 omnium
436 3785 607 3848 intelligentia
622 3783 701 3834 inisse
713 3785 836 3836 divinitus
874 3794 951 3836 tenus
973 3801 1083 3852 corpore
1104 3795 1225 3839 consorte
1251 3787 1402 3851 impeditur,

307 3863 467 3924 instructas;
489 3859 535 3910 sed
550 3860 616 3909 irauo
637 3860 836 3922 intelligentiam
875 3863 1009 3926 piuranon
1020 3864 1134 3928 percipit
1145 3861 1298 3925 singulatim.

309 3937 466 3988 commercio
477 3949 602 3999 corporeo
614 3934 652 3984 ita
670 3936 795 3997 amisisse,
806 3942 837 3985 nt
908 3937 996 3987 orere
1005 3939 1118 4002 repsi]
1134 3934 1323 3997 Philosopirnar
1340 3935 1403 3986 Pbi·

308 4027 360 4062 non
372 4011 420 4061 nisi
429 4013 508 4061 multo
525 4012 614 4062 labore
624 4008 712 4061 eorum
723 4026 781 4076 qnae
792 4027 837 4060 an-
876 4013 992 4075 iosopiria
1007 4016 1086 4077 enim,
1097 4009 1310 4074 interpretatione
1320 4010 1402 4061 nomi·

308 4093 352 4138 tea
362 4092 487 4136 noverant
494 4087 697 4138 recordationem
710 4087 760 4137 sibi
770 4102 838 4138 oom-
877 4089 926 4151 nis,
939 4099 980 4139 est
999 4090 1112 4140 studium
1129 4085 1275 4150 sapientire,
1291 4085 1348 4135 sive
1365 4086 1403 4136 in·

309 4167 418 4224 parent:
437 4174 512 4226 quarn
529 4161 632 4225 quidem
642 4163 746 4214 Boethii
758 4164 836 4214 inter·
877 4163 982 4229 quisitio
992 4163 1119 4214 veritatis.

310 4238 482 4301 pretationem
493 4234 597 4289 admitti
615 4253 689 4305 posse
707 4253 760 4290 nou
779 4239 837 4290 infi·
907 4240 1068 4291 sNeatrorrt
1085 4235 1179 4302 nom]
1202 4234 1324 4302 Habitus,
1341 4249 1401 4288 auo·
