3184 4959
295 375 362 455 sto
640 391 794 441 nonrnn
819 392 868 439 nn
892 390 1047 441 corson.

297 533 490 604 substantiis
504 538 539 601 et
552 533 734 617 perspicax
750 534 928 617 J'ndicium,
954 540 988 599 et
1009 534 1205 615 incorrupta
1217 531 1388 611 uoluntas,

296 642 329 703 et
342 636 459 703 efficax
474 640 667 719 optatorum
681 642 809 719 praesto
832 644 885 701 est
908 642 1070 720 potestas.
1115 634 1290 699 Humanas
1305 654 1385 701 vero

296 738 425 807 animm
439 736 612 801 liberiores
626 735 761 819 quidem
775 757 851 803 esse
866 756 1001 802 neccsse
1017 744 1070 801 est
1083 756 1157 801 cum
1174 756 1211 801 se
1223 737 1256 799 in
1268 738 1387 801 mentis

295 839 418 903 divinae
432 836 680 921 speculatione‘
711 844 927 904 conservant:
953 838 1062 903 minus
1088 857 1181 915 vero,
1203 856 1277 903 cnm
1303 836 1386 899 dila·

293 941 414 1004 buntur
428 939 471 1005 ad
487 958 640 1023 corpora,
655 939 831 1023 minusque
852 940 964 1017 etiam,
989 959 1067 1003 eum
1090 940 1227 1003 terrenis
1249 938 1387 1002 artubus

293 1041 499 1124 colligantur.
543 1039 703 1105 Extrema
717 1058 796 1105 vero
809 1046 862 1107 est
876 1042 1032 1119 servitus,
1056 1060 1133 1105 cum
1145 1040 1237 1106 vitiis
1251 1038 1386 1115 deditae,

322 1280 331 1311 ⁸
349 1276 558 1340 cmmpmtm.

787 1418 894 1470 NOTAE

290 1573 399 1621 manem,
411 1558 578 1623 Philosophia
593 1559 679 1621 docet,
691 1559 819 1609 diversam
858 1559 1032 1623 semetipsam,
1074 1558 1184 1609 volendo
1227 1556 1386 1620 amantisque

290 1634 733 1685 esseinhismentibuslibertatem.
751 1635 818 1683 Nam
859 1640 954 1699 Deum,
980 1638 1089 1687 maxime
1115 1650 1192 1699 agere
1213 1641 1307 1698 potest.
1329 1631 1387 1682 'Se-

291 1710 360 1774 qnod
378 1717 481 1773 spectat
499 1710 611 1759 divinam
631 1718 659 1759 et
678 1709 818 1773 angelicam
859 1714 957 1763 enudus
975 1721 1058 1763 status
1075 1719 1115 1762 est
1131 1712 1225 1760 mentis
1240 1709 1385 1773 conjunctas

289 1791 479 1849 mentem,quas
489 1785 730 1849 Pbilosopbisnnuc
742 1792 819 1836 sucat
857 1804 916 1839 curm
931 1803 1052 1853 corpure,
1063 1788 1132 1853 quod
1147 1786 1185 1837 illi
1196 1785 1229 1835 sd
1240 1791 1330 1835 nutum
1342 1782 1389 1834 ob·

289 1862 433 1923 ‘supernas
460 1860 610 1925 divinusque
639 1860 818 1924 subtantias(
858 1865 990 1930 sequitur:
1009 1865 1091 1929 qualis
1107 1868 1162 1913 urst
1171 1875 1241 1910 meus
1253 1860 1330 1923 primi
1341 1872 1387 1922 ps·

289 1936 322 1985 rle
333 1937 373 1985 bis
390 1935 428 1986 uic
438 1936 543 1986 videtur
559 1936 709 1985 ratiocinari
724 1937 816 1987 eadem
857 1942 1088 2004 tentis,antequam
1098 1943 1244 2001 peccasset:
1256 1934 1386 1985 baecsniru

288 2011 469 2075 Philosophiae
492 2026 550 2075 quac
569 2026 650 2075 mens,
667 2013 817 2075 cognitione
857 2016 866 2045 ‘
876 2016 978 2079 dilapsa
995 2021 1036 2065 est
1047 2015 1080 2064 ad
1098 2011 1224 2077 corpnur'
1242 2019 1319 2075 atque
1330 2010 1386 2062 hae

189 2085 192 2089 ’
288 2088 365 2148 duce,
389 2088 566 2150 semetipsam,
586 2087 707 2148 volendo,
731 2084 817 2137 effiea·
856 2086 1386 2151 montisbumanselibertas„nunestqui·

287 2164 342 2213 cius
352 2177 432 2226 agere
447 2169 545 2227 potest,
560 2163 616 2213 brec
634 2162 740 2213 liberior
756 2176 816 2211 cen·
856 2166 915 2215 dem
927 2171 1010 2229 tanta,
1021 2164 1306 2230 quantsestbeatarum
1315 2175 1386 2211 men·

287 2240 339 2290 seri
354 2240 450 2290 debet:
467 2240 593 2305 siqnidem
605 2239 712 2290 libertas
730 2254 816 2289 versa·
857 2242 936 2291 tium:
954 2240 1001 2292 sed
1021 2240 1178 2305 reliquarum
1198 2246 1285 2290 tamen
1305 2237 1386 2287 maxi·

287 2323 330 2367 tur
348 2316 374 2365 in
388 2317 438 2367 bac
455 2323 604 2381 potestate:
623 2317 670 2365 sed
681 2315 815 2379 predicte
856 2333 912 2368 ma:
934 2318 1060 2383 siquidem
1076 2317 1196 2369 *Adamas
1216 2317 1306 2381 majori
1324 2330 1384 2379 cog-

286 2401 387 2443 mentes
403 2408 533 2457 superna,
550 2393 621 2443 Dens
644 2393 767 2442 uidelicet
788 2398 817 2443 et
856 2394 954 2444 uitione
965 2394 1093 2458 preditus
1110 2395 1201 2446 melius
1212 2394 1388 2456 semetipsum,

286 2466 410 2531 tlugelm,
421 2468 573 2532 semetipsas
582 2468 730 2532 cognitione
740 2468 817 2533 duce,
856 2471 975 2534 volendo,
985 2483 1063 2534 agere
1074 2476 1187 2533 poterat.
1218 2469 1321 2521 Tertius
1331 2474 1386 2519 sta·

287 2544 406 2607 volendo,
427 2541 556 2593 efficacius
582 2558 662 2607 agere
688 2553 814 2607 possuntt
855 2552 897 2597 tus
909 2552 949 2595 'est
967 2545 1061 2599 mentis
1077 2544 1317 2609 perturbationibus
1327 2542 1384 2607 qui·

284 2637 343 2670 nsm
367 2622 395 2671 in
418 2634 570 2686 unaquaque
590 2630 815 2689 mente0qustuor
855 2622 912 2672 dem
939 2620 1053 2684 afflicte,
1074 2621 1120 2673 sed
1141 2621 1233 2671 iisdem
1254 2635 1304 2670 uon
1324 2633 1385 2669 con·

284 2696 443 2747 considerari
471 2702 588 2760 possunt,
611 2698 731 2750 nimirum
754 2712 814 2761 per·
857 2697 1011 2749 sentientis:
1026 2696 1108 2761 qualis
1123 2702 1180 2745 erat
1192 2710 1263 2745 mens
1272 2696 1299 2745 S.
1309 2693 1386 2747 Pauli

284 2772 383 2835 ceptio,
387 2771 524 2836 judicium,
531 2772 635 2837 electio,
645 2773 814 2835 etexecntio;
857 2773 969 2825 dicentis
980 2773 1013 2823 atl
1026 2774 1134 2826 Roman.
1150 2775 1176 2821 7.
1192 2771 1290 2821 ‘video
1306 2770 1384 2823 alium

284 2862 343 2913 quse
362 2847 401 2898 its
415 2848 484 2897 iuter
505 2863 535 2897 se
552 2863 668 2901 connexu
689 2855 759 2913 sunt,
782 2856 814 2901 ut
855 2849 940 2911 legem
952 2848 978 2899 iu
989 2847 1109 2898 membris
1118 2847 1189 2909 mais,
1198 2852 1384 2909 repugnantem

283 2938 333 2975 nec
359 2924 481 2975 executio
510 2925 566 2975 sine
594 2926 738 2986 electione3
763 2940 813 2977 nec
855 2924 908 2987 legi
924 2924 1017 2973 mentb
1033 2937 1108 2985 mem,
1118 2930 1145 2972 et
1156 2922 1331 2987 captivantem
1342 2934 1385 2972 ms

282 3001 378 3051 electio
395 3002 452 3051 sinc
468 3001 588 3065 judicio;
612 3016 662 3052 nec
685 3001 815 3066 judicium
854 2998 882 3049 ia
900 3000 960 3063 lege
971 2998 1084 3063 peccati,
1094 3013 1152 3063 quae
1163 3004 1204 3047 eet
1219 2997 1245 3047 iu
1263 2995 1384 3049 membris

283 3077 587 3140 sineperceptioneesse
603 3078 715 3130 debeata
734 3093 815 3145 quare
854 3074 926 3127 meis.
958 3074 1053 3125 Infelix
1076 3088 1125 3139 ego
1145 3074 1238 3123 bomo:
1263 3071 1321 3136 quis
1341 3087 1384 3125 rus

282 3164 330 3214 pro
343 3151 470 3201 varietate
481 3153 657 3215 perceptionis
666 3160 755 3203 cetera
770 3168 814 3203 vs·
853 3149 977 3199 liberabit
995 3151 1029 3197 de
1049 3162 1158 3210 corpore
1180 3148 1271 3197 mortis
1292 3147 1385 3212 bibus?

282 3226 397 3278 riantur:
420 3226 447 3275 iu
464 3228 583 3289 superuis
602 3233 690 3275 autem
708 3226 814 3275 diuinis·
854 3224 949 3272 Gratia
959 3221 1011 3272 Dei
1027 3236 1075 3285 per
1089 3222 1174 3271 Iesum
1187 3221 1317 3274 christum
1329 3224 1384 3277 Du·

281 3315 333 3367 que
348 3300 508 3364 substantiis,
524 3300 606 3363 magis
622 3314 701 3364 qnam
717 3299 744 3349 in
770 3314 813 3350 ce·
853 3298 949 3347 minum
969 3296 1104 3347 nostrum!
1130 3298 1167 3347 Et
1190 3296 1246 3347 baso
1266 3299 1383 3351 bamma

282 3377 371 3441 teris,‘
381 3384 423 3427 est
433 3376 573 3441 perspicax
584 3376 721 3441 judicium,
730 3376 815 3427 incur·
852 3372 947 3423 mentis
958 3372 966 3400 ‘
977 3372 1086 3422 terrenis
1104 3372 1222 3431 artubus'
1233 3374 1386 3441 conjuncte,

282 3459 360 3517 rupta
370 3454 501 3515 voluntas,
517 3459 546 3503 nt
562 3452 656 3503 efficax
667 3460 813 3518 optatorum
852 3448 959 3499 libertas
977 3447 1148 3498 antecedente
1166 3448 1257 3513 minor,
1274 3451 1384 3502 estsub.

204 3578 208 3585 ,
282 3525 418 3592 potestas?
459 3526 536 3577 Quod
557 3544 619 3578 vero
640 3531 756 3591 pertinet
779 3529 814 3579 ad
854 3532 980 3589 sequente
989 3524 1089 3587 major:
1108 3523 1177 3589 quud
1188 3539 1258 3575 meus
1270 3527 1383 3579 nondum

280 3608 394 3656 mentem
415 3599 560 3661 humanam,
585 3602 659 3664 hujus
687 3602 814 3665 distingui
854 3600 924 3649 victa
939 3598 1053 3652 fatiscat
1085 3602 1198 3651 Quartus
1210 3600 1321 3665 deniquo
1330 3608 1382 3657 uts-

280 3682 389 3743 possunt
415 3682 527 3739 quatuor
553 3682 646 3736 status,
667 3678 710 3741 qui
734 3683 814 3741 prout
855 3683 896 3725 tus
907 3683 946 3725 est
955 3675 1051 3726 mentis
1062 3676 1297 3738 perturbationibus
1305 3678 1381 3728 obem

281 3759 340 3804 snut
351 3750 512 3802 sublimiores
529 3757 575 3802 aut
591 3750 749 3813 humiliores,
759 3767 812 3802 ma·
854 3750 970 3815 quentis:
996 3765 1052 3814 ane
1079 3751 1188 3803 libertas
1209 3758 1260 3800 tam
1286 3750 1382 3815 erigus

277 3831 361 3895 jurem
378 3826 477 3878 babent
496 3834 542 3876 aut
561 3826 687 3876 minorem
706 3825 811 3878 liberta·
852 3834 902 3889 est,
914 3833 943 3876 ut
953 3827 1085 3877 seruitutis
1096 3829 1182 3893 potins
1197 3826 1322 3876 rationem
1337 3828 1382 3880 lia·

281 3915 343 3958 tem.
376 3906 572 3955 Primusstatus
580 3903 720 3954 estmentis
730 3918 811 3954 acor·
851 3903 914 3955 bere
925 3901 1060 3954 videaturr
1079 3905 1088 3933 ⁴
1099 3911 1212 3956 extreme
1221 3902 1295 3951 rero’
1306 3903 1381 3959 liber,

281 3996 345 4045 pore
365 3987 506 4043 separatae,
524 3994 582 4045 qnae
602 3979 703 4029 scilicet
719 3980 768 4029 ‘se
784 3981 811 4033 tn
852 3978 992 4042 tas,iuquit
1002 3976 1174 4042 Philosophia,
1185 3977 1194 4005 ‘
1205 3978 1379 4041 eutramnus,

279 4057 376 4109 mentis
393 4054 490 4105 divium
508 4054 686 4119 speculatione
708 4070 810 4109 conmr·
850 4069 908 4105 cum
927 4053 996 4103 vitiis
1015 4054 1234 4105 deditae'meutet
1249 4053 1379 4109 ‘rationis

281 4132 356 4184 vatr’
380 4138 409 4183 et
428 4133 484 4181 baec
507 4146 579 4183 mens
597 4132 729 4183 liberrima
749 4141 809 4185 est:
849 4130 960 4197 propriae
971 4132 1131 4197 possessione
1143 4128 1314 4187 cecideruut?

281 4209 350 4280 quod
362 4208 575 4275 praestantissime
585 4208 730 4274 cognitione
741 4209 809 4261 dues
