3184 4959
503 459 761 509 eutnosortum
780 462 856 509 uto.
879 461 913 509 v.
1192 448 1255 513 tot

163 602 252 669 enim
266 601 441 680 sensibile,
455 602 510 667 vel
522 600 737 685 imaginabile
748 607 810 680 est,
833 602 869 667 id
892 604 1081 670 uuivermm
1095 624 1175 673 esse
1188 624 1255 673 nou

161 712 288 789 posse.¹
332 702 406 767 Aut
418 703 517 786 igitur
528 704 667 768 rationis
680 721 794 767 verum
809 722 888 768 enee
897 703 1075 787 judicium,
1087 726 1149 773 neo
1164 710 1257 792 quio·

162 824 266 889 quam
289 823 366 869 esse
388 805 567 870 sensibile:
590 812 649 870 aut
670 806 829 888 quoniam
855 806 920 871 eibi
943 814 1056 872 notum
1085 810 1139 886 eit,
1160 811 1257 893 plura

162 908 321 973 sensibus
332 911 368 971 et
381 907 609 989 imaginationi
622 926 700 971 eece
723 907 890 991 subjecta,
912 908 1043 973 inanem
1058 912 1257 993 conceptio·

161 997 238 1073 nem
253 1026 330 1073 esse
339 1008 493 1087 rationis,
507 1028 583 1093 quae
596 1008 689 1093 qnod
703 1008 860 1074 sensibile
873 1010 918 1075 sit
932 1028 973 1073 ac
985 1010 1163 1092 singulare,
1175 1030 1256 1095 que·

161 1116 191 1179 si
218 1111 411 1195 quoddam²
441 1111 628 1174 universale
656 1109 866 1174 consider-ets
922 1110 978 1175 Ad
1002 1110 1088 1189 ltaeo,
1114 1113 1143 1175 si
1170 1115 1257 1178 ratio

160 1218 279 1279 contra
297 1211 508 1293 respondeat,
533 1211 726 1294 sequidem
752 1218 788 1275 et
815 1210 906 1293 quod
932 1212 1102 1287 sensibile,
1118 1217 1151 1276 et
1165 1213 1253 1295 quod

160 1312 377 1395 imaginabile
404 1312 460 1388 sit,
485 1312 520 1375 iu
549 1312 774 1379 universitatis
803 1311 932 1376 ratione
960 1314 1276 1396 conspiceremus·

159 1433 240 1479 vero
253 1412 297 1475 ad
312 1412 539 1504 universitatis
553 1412 769 1494 cognitionem
785 1411 936 1494 aspirare
952 1430 1018 1475 nou
1033 1432 1155 1495 posse:
1172 1434 1255 1497 quo·

158 1514 248 1579 niam
263 1531 380 1580 eorum
396 1514 490 1580 notio
513 1516 707 1596 corporales
722 1515 843 1598 figurae
864 1532 927 1579 nou
950 1516 1060 1597 possit
1084 1516 1254 1583 excedere.
1359 1560 1362 1567 ·

160 1616 334 1678 Derorum
361 1632 442 1677 vero
462 1615 659 1695 cognitione,
685 1614 820 1678 firmiori
847 1615 972 1697 potius,
996 1615 1256 1711 pmiectioiipue

153 1714 284 1797 judicio
297 1733 373 1777 esse
387 1714 597 1778 credendam.
642 1716 683 1779 ln
699 1714 891 1799 hujusmodi
899 1715 1002 1799 igitur
1020 1716 1089 1792 lite,
1105 1736 1166 1781 nos
1182 1720 1255 1803 qui·

158 1818 222 1880 bus
237 1822 305 1879 tam
320 1816 550 1893 ratiocinandi,
560 1836 660 1900 quam
675 1816 881 1899 imaginandi
899 1816 1012 1893 etiam,
1026 1816 1254 1900 sentiendique

157 1918 210 1979 vis
224 1918 325 1993 inest,
337 1935 446 1980 nonne
460 1918 602 1981 rationis
617 1918 731 2000 potim
752 1936 894 1981 oausam
917 1918 1159 2000 probaremuel
1201 1918 1256 1982 Si·

157 2018 238 2081 mile
253 2018 411 2101 estquod
426 2016 569 2082 humana
582 2020 679 2097 ratio,
692 2019 838 2083 divinam
854 2018 1103 2103 intelligentiam
1129 2018 1253 2097 lutura,

156 2118 225 2181 nisi
240 2126 279 2181 ut
289 2120 369 2200 ipsa
382 2118 566 2201 cognoscit,
579 2139 645 2183 non
660 2124 756 2201 putat
770 2119 900 2185 intueri.
936 2116 1027 2183 Nam
1039 2120 1089 2185 ita
1102 2118 1255 2187 disseris:

156 2216 195 2280 Si
210 2237 278 2299 qua
290 2226 426 2295 certos,4
447 2237 488 2282 ac
502 2220 711 2283 necessarios
725 2218 844 2282 habere
866 2237 932 2281 non
956 2218 1134 2283 videantur
1154 2206 1254 2284 eveuss

157 2325 223 2395 tus,
247 2338 289 2383 ea
303 2326 395 2384 corto
417 2326 572 2383 eventura
595 2319 747 2402 praesciri
773 2324 950 2401 nequeunt.
995 2318 1127 2381 Harum
1151 2318 1254 2399 igitur

156 2437 267 2482 rerum
280 2420 372 2483 nulla
384 2427 437 2484 est
450 2419 684 2503 praescientia,5
697 2436 799 2500 quam
817 2418 847 2480 si
862 2419 963 2480 etiam
976 2419 1011 2479 in
1025 2416 1080 2480 his
1094 2436 1171 2481 esse
1181 2437 1252 2483 cre·

156 2517 289 2597 damus,
302 2520 383 2584 nihil
398 2521 461 2584 erit
484 2521 573 2604 quod
596 2540 662 2583 non
687 2538 734 2583 ex
759 2520 960 2583 necessitate
981 2518 1172 2601 proveniat.
1213 2519 1252 2583 Si

155 2618 267 2700 igitur,
282 2620 330 2683 uti
344 2621 485 2685 rationis
512 2620 694 2703 participes
717 2638 847 2697 sumus,
873 2619 924 2684 ita
946 2619 1070 2684 divinae
1086 2619 1252 2704 judicium

154 2720 279 2782 mentis
294 2719 415 2785 habere
429 2717 637 2802 possemus,⁶
660 2720 747 2783 sicut
768 2719 1040 2802 imaginationem
1054 2738 1252 2805 sensumque

154 2819 275 2882 rationi
290 2819 407 2882 cedere
420 2826 573 2903 oportere
583 2818 823 2909 judicauimus,
847 2819 909 2898 sic,
922 2819 1045 2885 divinae
1058 2840 1135 2885 sese
1150 2822 1251 2887 menti

154 2918 334 2984 humanam
358 2920 563 2984 summittere
587 2921 760 2997 rationem,
781 2921 1006 3004 justissimum
1033 2938 1250 2985 censeremus.

611 3098 790 3120 ”comune

186 3204 199 3250 l
218 3202 270 3251 lis.
281 3200 405 3249 Rittereb.
415 3214 462 3249 roe
470 3204 606 3263 potent-a
615 3162 731 3266 Uterque
739 3200 917 3251 Thoan.Viet.
929 3200 1034 3263 primae
1046 3208 1073 3249 et
1085 3199 1145 3250 edd.
1154 3201 1250 3265 Delpb.

153 3264 239 3315 Hack.
250 3265 418 3327 quium-a
434 3265 552 3328 Uterque
562 3265 660 3315 l'bunu.
671 3265 859 3315 eonem—4
875 3266 904 3313 Si
912 3280 965 3326 qm
974 3269 1049 3313 certor
1058 3264 1152 3328 Delpb.
1163 3266 1250 3315 Haclr.

152 3333 200 3379 ve
216 3328 317 3385 Theon
335 3327 479 3381 seeundo:
495 3328 586 3379 uben
602 3344 653 3381 m
668 3330 900 3393 poetaram-o
916 3328 987 3381 Vict.
1009 3328 1152 3381 secundus:
1165 3329 1251 3381 blm

648 3472 755 3523 NO'l'AE

154 3582 207 3647 din,
217 3584 448 3647 comparationem,
462 3598 539 3649 quem
556 3586 682 3648 ‘propor-
722 3583 842 3632 eellstem
852 3596 910 3631 cum
919 3582 1095 3631 caemeteriet
1114 3582 1251 3649 eleutergo

154 3658 252 3711 tionie'
270 3666 381 3709 vocante
400 3662 472 3725 quasi
490 3660 579 3710 dicet:
596 3660 635 3710 Ut
652 3674 681 3708 ee
722 3674 755 3708 ex
772 3659 952 3708 imbecillitate
971 3672 1062 3707 nume
1080 3667 1188 3710 nonest
1206 3676 1251 3711 ue·

152 3734 236 3784 babet
250 3748 341 3783 meus
360 3736 470 3784 collatas
488 3750 546 3785 enm
564 3749 611 3785 sua
622 3734 681 3784 sub·
722 3734 808 3798 gentle
824 3734 984 3796 imaginatio,
1004 3740 1050 3783 eet
1068 3748 1101 3783 ex
1117 3735 1246 3786 imbecilli·

149 3809 344 3871 Jeetnmateiie
359 3808 618 3871 mimegtmtionem
628 3811 681 3859 ool-
721 3816 778 3858 tnte
794 3810 986 3871 imaginetionie
1001 3822 1053 3857 uon
1071 3816 1112 3858 est
1131 3812 1251 3873 neganda
1356 3806 1358 3813 ’

154 3884 488 3933 letamenmeunmeterie:
507 3888 625 3932 natutae
636 3884 679 3931 lm-
721 3883 900 3945 ratiocineti03
915 3884 953 3932 elo
972 3898 1004 3932 ex
1019 3883 1198 3931 imbecillitate
1210 3897 1252 3935 ras

154 3959 200 4009 bet
210 3959 358 4022 imaginatio
368 3960 463 4009 coliata
474 3974 533 4008 oum
542 3974 589 4009 ena
599 3965 680 4008 mete·
719 3960 892 4009 tiocinationln
904 3966 950 4009 ent
962 3959 1143 4021 intelligentia
1162 3958 1250 4007 bume-

153 4035 249 4085 riaael
270 4036 396 4086 rationem
416 4027 537 4084 collatam
558 4050 617 4084 eum
636 4049 680 4085 sm
720 4051 761 4085 ooe
781 4044 891 4085 nonest
911 4036 1029 4098 negante
1048 4032 1250 4086 divinasnturo-

155 4110 282 4159 materia:
301 4111 338 4158 lte
357 4124 386 4159 ee
399 4110 482 4159 babet
499 4110 567 4160 ratio
585 4112 681 4161 collate
721 4121 776 4159 rum
784 4110 925 4159 liberorum
935 4108 1108 4172 intelligentie
1119 4110 1174 4159 sive
1183 4124 1250 4174 pre·

154 4200 214 4234 eum
233 4199 281 4233 tue
302 4184 412 4233 materie
429 4185 462 4233 ml
483 4184 681 4249 intelligentium
721 4184 803 4234 notio.

218 4264 408 4329 nupturae.
419 4266 484 4313 Cloe.
653 4265 740 4314 Bo'e'tlt.
1127 4266 1186 4317 20
