3184 4959
668 418 823 469 norrun
846 418 896 471 uu
918 386 1073 467 corson

493 561 542 627 Ut
554 580 633 645 queo
648 561 794 644 osrptim
810 559 939 643 singula
953 556 1142 639 consentu

493 661 621 727 Eadem
635 662 742 727 nolint
755 664 856 727 misto
867 660 1003 744 §ugerii

491 759 548 825 An
561 762 655 827 nullu
667 760 674 797 ¹
696 768 749 826 est
763 762 932 826 discordia
947 762 1051 840 voris,

494 861 699 945 Semperque
714 862 780 927 sibi
795 866 887 925 cortu
902 861 1096 929 oohaerentl

491 959 560 1023 Sed
572 980 679 1039 mens,
694 962 797 1027 coecis
814 962 933 1026 obrute
945 957 1129 1039 membris}

494 1060 626 1143 Nequit
639 1063 797 1145 oppressi
812 1062 949 1127 luminis
963 1063 1038 1144 igno

492 1159 615 1225 Rerum
629 1167 743 1226 tenues
758 1178 899 1225 noscere
913 1178 1032 1225 nexus.
1378 1158 1421 1225 10

319 1354 424 1405 mern
442 1339 507 1389 inter
521 1341 580 1389 duur
594 1339 654 1388 istos
674 1353 712 1388 ree
727 1352 804 1398 onos,
818 1336 925 1399 diuinum
940 1337 1027 1387 reilim
1046 1336 1231 1398 Prouidentiam,
1247 1342 1270 1389 et
1286 1337 1422 1387 libertatern

321 1405 455 1463 iunonem,
463 1408 490 1453 ut
500 1418 552 1451 eum
564 1417 707 1464 unoquoque
716 1415 819 1449 secem
832 1399 953 1462 memrot,
964 1400 1039 1450 umbre
1050 1406 1181 1464 repugnent
1192 1402 1317 1451 consistere
1328 1399 1419 1451 sinuli
1433 1462 1434 1465 Ἴ

323 1468 411 1517 Nonne
424 1472 460 1516 est
469 1465 672 1528 dipundieeordio
686 1464 749 1514 inter
758 1479 787 1514 eo
803 1478 855 1527 quor
871 1469 1000 1526 unumst,
1020 1478 1138 1527 semperne
1147 1466 1198 1514 iaee
1207 1464 1421 1515 eertueosoeniust

320 1530 384 1579 inter
393 1527 437 1579 sel
470 1530 516 1577 Est
524 1528 651 1588 discordie,
660 1542 703 1577 sec
712 1541 804 1591 semper
813 1528 864 1575 lues
871 1528 993 1576 conuenire
1003 1528 1115 1577 uidentur
1124 1529 1198 1577 menti
1208 1529 1324 1589 numme,
1335 1528 1421 1591 quippe

322 1608 374 1656 qua
384 1606 492 1655 oppressu
499 1605 594 1653 corpore
604 1597 706 1641 recente
719 1606 765 1641 non
773 1596 852 1654 polest
862 1592 983 1653 splendore
992 1592 1089 1641 luminis
1097 1592 1170 1654 sopiti
1177 1592 1297 1656 percipere
1313 1591 1423 1641 rustum

784 1718 797 1737 Ι
800 1715 964 1736 unomen

356 1803 388 1849 16
406 1800 520 1848 Constant
531 1798 629 1864 Deipln
641 1798 793 1849 naen-rr
810 1800 892 1850 (Μαι.
908 1806 936 1849 et
953 1796 1126 1850 edNorlmb.
1145 1794 1359 1861 [Delph.Huck.]
1374 1794 1425 1845 Sed

813 1926 926 1978 noun

356 2024 499 2088 *semem
526 2027 608 2079 Qussi
627 2026 681 2080 ‘uu
698 2042 751 2080 uon
771 2027 851 2079 ullnt'
893 2028 1018 2079 ullumes
1034 2026 1073 2077 his
1093 2040 1152 2091 que
1171 2025 1242 2076 ciere
1260 2023 1424 2075 etdistincte

326 2099 405 2150 ‘An’
423 2103 492 2150 enim
504 2102 613 2165 questio
632 2108 682 2164 est,
695 2117 747 2167 quu
762 2103 799 2151 itu
816 2104 852 2154 in·
891 2104 1092 2166 cognoscuntur,
1113 2106 1255 2165 propterea
1276 2097 1424 2161 negandum

324 2181 483 2236 terreretur,
498 2181 529 2224 ut
545 2181 631 2224 temen
641 2177 805 2238 interrogans
817 2179 853 2227 ri·
894 2187 944 2230 est:
963 2193 1021 2229 uum
1031 2191 1082 2227 nou
1091 2180 1152 2225 suut
1161 2174 1279 2239 neganda
1288 2174 1425 2238 perspicue

325 2252 418 2301 deutur
429 2254 561 2316 pertulere
570 2252 596 2301 id
608 2253 656 2303 sibi
665 2255 774 2304 concedi
784 2255 853 2319 quod
894 2268 928 2305 ex
938 2267 978 2317 eo,
989 2252 1057 2318 quod
1077 2252 1187 2301 obscure
1206 2249 1289 2300 urimo
1306 2262 1425 2313 compre·

325 2327 427 2391 querit.
458 2329 665 2379 Sic'l'erentiuss
683 2333 855 2381 ‘unnonhoc
894 2330 972 2379 uendi
992 2326 1132 2395 nequeudt.
1164 2326 1192 2377 Β.
1215 2324 1281 2386 lug.
1301 2326 1321 2373 l.
1339 2336 1370 2373 ιι.
1391 2320 1426 2373 de

324 2402 735 2468 dixissseiuturuml’s'ui·jepus
747 2406 855 2468 itendit,
894 2403 1172 2467 dunoperser.e.1t.
1205 2395 1426 2461 ‘Numquid‚’in·

324 2493 369 2542 que
379 2480 428 2528 celo
436 2476 580 2529 seriem?
601 2479 642 2530 Sic
654 2495 717 2543 ergo
728 2481 854 2532 Boithius
895 2478 960 2542 quit,
970 2479 978 2508 ‘
990 2478 1050 2527 ideo
1062 2475 1209 2541 negandum
1218 2480 1259 2524 est
1270 2474 1339 2539 quod
1350 2486 1427 2536 sper·

326 2554 382 2603 nit:
408 2554 530 2603 ‘nullone
551 2555 631 2605 etiem
647 2555 717 2603 inter·
734 2570 775 2615 ee,
796 2572 854 2621 que
895 2559 1012 2615 trimest,
1031 2553 1092 2617 quin
1110 2550 1296 2615 comprehendi
1312 2563 1364 2599 nou
1379 2562 1426 2613 po-

325 2642 388 2677 vers
409 2637 478 2691 suut,
495 2630 608 2683 occurrit
628 2629 774 2682 discordie?
793 2646 855 2681 num
897 2633 959 2689 test,
979 2628 1046 2691 quod
1060 2629 1189 2680 oecultum
1201 2628 1259 2677 esti
1283 2623 1427 2687 Numquid,

325 2716 501 2765 semperreru
517 2703 604 2753 omuis
618 2704 656 2754 itu
674 2704 855 2757 lutereeuon·
895 2700 1010 2765 inquom,
1031 2707 1171 2763 propterea
1198 2699 1296 2753 dicturi
1327 2710 1427 2760 11111111,

326 2777 443 2839 veniunt,
455 2783 614 2831 utueutrum
624 2789 685 2828 'cum
695 2779 779 2831 ultero
790 2795 854 2843 puq·
896 2773 965 2838 quod
984 2776 1025 2827 lte
1040 2789 1099 2825 esse
1116 2774 1298 2838 perspluiurus,
1318 2787 1370 2825 uon
1387 2772 1427 2827 ite

325 2851 390 2904 net?
405 2859 551 2913 nonnemo,
567 2868 619 2916 uon
630 2866 732 2917 semper
742 2854 782 2906 ite
793 2870 855 2905 cun·
895 2863 962 2910 1111,
974 2850 1093 2915 quonium
1105 2864 1152 2903 cur
1163 2850 1202 2899 itu
1216 2848 1249 2897 eit
1267 2861 1319 2900 nou
1336 2860 1429 2911 portur

324 2926 456 2976 reniuotx'
479 2928 549 2991 quod
560 2929 691 2992 eleganter
701 2930 856 2993 exprimitur
893 2940 950 2976 tuus
962 2924 1097 2977 invenire?

324 3001 855 3067 liseperticulaproximosequenti,‘Sed'
925 2994 1429 3062 ¹¹Sedrestituererisolrurtesnerrrlrrn‘qirc]

326 3077 454 3127 Nimirum
465 3079 487 3127 si
498 3079 605 3132 insitum
619 3079 701 3133 menti
711 3087 805 3133 nostre
816 3081 856 3134 lu·
894 3075 1075 3139 Praeterquam
1087 3073 1155 3137 quod
1167 3085 1239 3128 muns
1255 3068 1429 3125 111111111ῆυί11

325 3164 385 3199 mou
408 3159 476 3203 essm
495 3154 633 3215 inlinitum,
659 3169 718 3218 quse
738 3171 854 3207 seorsum
894 3154 944 3210 est,
960 3150 1009 3203 hoe
1028 3150 1134 3203 insitum
1154 3148 1236 3199 monti
1253 3147 1371 3201 humone
1388 3146 1428 3195 lu·

325 3224 407 3275 menti
425 3233 531 3286 nostem,
546 3233 644 3289 ‚utpote
665 3228 737 3279 clere
753 3235 782 3278 et
802 3230 854 3277 die.
894 3235 1082 3284 spensippum,
1096 3235 1155 3273 cum
1166 3234 1217 3284 quo
1233 3220 1427 3275 monstrumne

326 3299 409 3349 tincte
423 3298 536 3361 cognitu,
547 3307 608 3350 suut
625 3301 855 3361 verminantium
896 3296 1073 3360 conjungitur,
1085 3296 1124 3351 itu
1134 3294 1384 3360 obscureturduxtt
1396 3295 1426 3347 il·

325 3372 485 3437 conjunctim
504 3375 590 3427 eidem
608 3376 688 3428 meru
706 3375 856 3427 viderentur
895 3369 939 3421 luo
959 3370 1027 3423 sueri
1050 3376 1139 3421 textus
1164 3371 1297 3427 oraculum
1317 3370 1380 3433 sup.
1401 3375 1426 3421 u.

302 3494 308 3502 Ι
326 3460 404 3498 rere:
421 3448 855 3514 quondoquidcminiiuitumlucem
895 3451 1022 3510 ‘corpus,
1036 3444 1105 3509 quod
1128 3446 1313 3509 corrumpitur,
1333 3459 1427 3510 περ»

323 3520 389 3568 nihil
401 3521 483 3569 lutet:
501 3523 539 3570 sic
550 3524 608 3573 Deo
618 3539 676 3587 qum
685 3538 800 3575 seorsum
811 3540 854 3575 re·
895 3528 941 3581 ret
960 3522 1080 3584 utimum,
1100 3528 1128 3572 et
1148 3528 1253 3579 1111111111
1271 3520 1426 3577 inhabittfio

326 3607 357 3642 re
367 3599 437 3654 sunt,
447 3594 526 3643 etiem
537 3596 696 3658 conjunctim
712 3605 772 3650 sunt
783 3614 854 3649 veru.
895 3596 1018 3659 deprimit
1032 3611 1136 3651 sensum
1151 3598 1232 3655 multe
1247 3598 1427 3663 cogitantem:

326 3670 424 3720 Verum
435 3670 503 3735 quod
514 3670 583 3721 idern
599 3673 799 3725 meutisnostrse
817 3676 855 3723 lu·
894 3670 1026 3719 utendum
1037 3672 1257 3735 mensuoupossit
1267 3672 1425 3731 rei‘tenutl

326 3759 386 3795 mou
395 3745 457 3809 suis,
466 3750 495 3794 et
503 3744 606 3809 quidem
618 3746 786 3811 brevissimis,
794 3762 855 3799 con·
894 3758 980 3795 rerum
995 3744 1096 3807 nexus‚'
1107 3744 1145 3811 (iu
1157 3761 1208 3811 quo
1227 3746 1426 3809 vertemjudieii

327 3822 442 3874 tinestur
452 3821 578 3885 terminis,
587 3816 749 3874 idcireoiieri
757 3831 856 3889 potest,
895 3820 1024 3887 versetur)
1041 3823 1167 3877 ‘noscere
1177 3824 1194 3873 ι’
1209 3823 1336 3888 quomedo
1345 3824 1426 3887 igitur

326 3905 357 3948 ut
367 3911 425 3962 qure
437 3911 454 3947 s
465 3903 555 3945 nostre
569 3902 656 3945 mente
671 3897 741 3947 cluse
757 3907 785 3949 et
803 3901 854 3949 dis·
894 3900 985 3951 endem
999 3912 1072 3951 meur
1087 3900 1208 3951 sublimes
1218 3898 1313 3949 divium
1332 3900 1425 3951 Proui.

327 3972 411 4023 tinete
446 3978 647 4035 cognoscuntur,
673 3972 789 4037 adeoque
815 3974 855 4025 illl
893 3973 1034 4026 doutimet
1055 3973 1184 4028 libertatis
1197 3960 1323 4026 'humone
1341 3987 1423 4037 nexus

327 4052 387 4097 suut
413 4060 476 4097 rere
495 4062 620 4110 seorsum,
636 4048 694 4097 lraec
712 4048 745 4098 nb
762 4050 853 4101 eudem
893 4048 1109 4113 comprehendet?
1120 4046 1426 4114 4(ἰίίίὶοίὶθωεῑίιιιιιῐιιιιιξ

327 4130 414 4173 mente
435 4123 595 4187 ignorentur,
611 4124 728 4188 odeoque
745 4124 784 4173 illi
801 4139 854 4176 nou
893 4123 1028 4175 continuet
1035 4125 1141 4187 Sapiens
1150 4123 1278 4188 predicto
1286 4124 1422 4191 loeo,‘qure

328 4197 380 4247 sint
396 4212 456 4248 reru
472 4198 646 4261 conjunctim:
671 4212 754 4264 neque
766 4192 853 4251 temen
893 4200 919 4253 in
939 4206 1011 4253 terre
1027 4207 1095 4265 suut,
1113 4207 1214 4267 etque
1235 4201 1262 4253 in
1281 4211 1421 4268 prospectu
