3184 4959
298 427 363 494 434
474 469 478 474 -
651 439 758 488 noun
782 437 984 488 vsuronuu
1009 435 1049 486 ru

298 583 407 634 eundern
427 593 529 632 sensum
547 577 688 630 Petronius
699 576 828 628 Arbiter:
866 593 958 642 porum
966 578 1128 631 laceratione
1137 576 1270 630 nutritur!
1285 578 1397 640 Elegan-

297 659 377 710 ‘Non
399 656 502 707 dubium
522 660 573 718 est,
593 653 614 703 si
632 652 689 718 quis
709 654 830 702 vitiorum
866 660 909 711 ter
918 655 996 704 Silius
1005 653 1051 703 lib.
1063 667 1115 702 ιιι.
1133 653 1397 704 ‘Monerrenrurlle-

298 735 411 786 omniurn
432 731 550 781 inimicus
571 737 670 779 rectum
699 729 758 778 vitae
779 729 830 778 iter
866 744 930 779 sera
946 731 1021 793 juga,
1039 737 1120 794 etque
1139 730 1278 779 invertire
1297 742 1399 778 rumino

299 811 380 874 eoepit
389 809 527 872 inspicere,
535 805 645 870 primurn
658 812 766 868 propter
776 819 830 853 nro-
867 805 981 868 Depnsti
994 803 1103 854 flummir
1119 805 1230 868 scopuli,
1246 803 1400 865 fructusque

298 903 354 938 rnnr
372 885 545 944 differentium
561 884 648 934 odiurn
660 883 755 933 hebet:
773 883 830 947 quis
867 881 940 929 rninn
951 881 1028 930 Mons
1047 881 1155 940 circum,
1166 887 1246 944 utque
1265 879 1350 928 AEtore
1361 877 1400 926 ie·

299 964 367 1012 enirn
378 967 467 1026 potest
479 962 588 1024 probare
600 957 721 1008 diversa!
739 959 814 1009 lolem.
867 954 1041 1004 tiscertnntio
1050 953 1132 1002 ssxe.'
1149 955 1226 1002 Idem.

330 1039 416 1102 Itaque
425 1037 539 1097 trinitat,
550 1036 610 1098 qood
620 1033 750 1096 admirere]
776 1035 832 1084 Sul·
900 1031 951 1079 Aut
961 1031 1035 1079 reim
1042 1030 1188 1090 notitiserire
1195 1028 1287 1090 turres]
1303 1027 1400 1079 Horat.

299 1114 390 1164 vienus
407 1114 452 1162 lib.
465 1127 492 1162 v.
504 1111 537 1160 de
554 1108 750 1160 Gubernstinne
769 1105 831 1171 Dei,
869 1117 913 1154 ιιι.
926 1106 1012 1155 Coun.
1033 1105 1086 1156 od.
1099 1119 1143 1154 ιιι.
1175 1105 1300 1157 ‘Justurn
1320 1111 1349 1153 et
1362 1113 1400 1152 te·

300 1187 551 1241 couvenienternit:
577 1185 637 1234 ‘Ac
649 1199 698 1248 per
708 1185 758 1234 noc
767 1183 831 1233 infe·
868 1195 960 1232 necem
978 1183 1106 1246 propositi
1121 1183 1202 1231 virorn
1223 1183 1283 1232 Non
1303 1183 1399 1230 civium

299 1265 416 1316 licissimi
429 1276 557 1327 pauperes
569 1261 607 1310 sic
626 1265 695 1320 crint,
709 1260 782 1324 quusi
793 1260 832 1308 in·
868 1256 946 1306 ordor
967 1272 1050 1320 prove
1060 1259 1217 1320 jubentium,
1236 1260 1297 1307 Non
1313 1259 1401 1306 vultus

300 1347 342 1392 ter
358 1343 539 1390 concertantes
558 1336 685 1399 procellos
704 1335 731 1384 in
743 1335 831 1385 medio
868 1329 990 1381 instantis
1007 1332 1110 1396 tyranni
1132 1334 1223 1381 Mente
1240 1335 1326 1396 quatit
1342 1333 1400 1382 soli·

299 1417 365 1466 muri
387 1415 476 1478 positi,
495 1427 564 1462 nuuc
590 1412 707 1460 istorum
720 1411 831 1473 scilicet,
868 1405 913 1468 dn,
925 1421 1009 1470 neque
1021 1407 1118 1456 Auster
1128 1407 1190 1454 Dux
1201 1407 1307 1471 inquieti
1319 1406 1401 1456 555454-

300 1507 369 1542 nnnc
377 1493 477 1540 illorunr
486 1487 608 1537 fluctibns
617 1485 778 1536 obruuntur!
796 1487 832 1535 Et
853 1537 856 1542 ,
869 1479 917 1529 dus
937 1480 1057 1543 Hadria,
1067 1484 1124 1531 Nec
1135 1479 1295 1530 fulminantis
1306 1497 1401 1545 magno

301 1566 448 1620 cassiodor.
471 1563 515 1613 lib.
526 1577 554 1612 v.
571 1562 674 1611 Verior.
693 1561 778 1624 Epist.
789 1565 832 1610 40.
868 1556 942 1607 Jovis
954 1572 1060 1607 munus:
1070 1559 1105 1626 ⁴Si
1118 1555 1215 1608 fractus
1227 1557 1348 1606 illabatur
1358 1571 1400 1608 nr-

298 1644 395 1692 445455
415 1638 504 1689 mundi
525 1635 683 1686 fluctuantes
703 1636 832 1699 procellat
869 1633 909 1683 bis
926 1634 1088 1698 Impnridnrn
1104 1633 1201 1684 ferient
1220 1633 1320 1684 ruinus!
1353 1633 1401 1682 Se·

299 1717 408 1768 undere
419 1711 664 1776 hnmana-fragilitas
678 1711 833 1776 contineret,
869 1723 928 1759 nec.
938 1710 964 1757 in
973 1709 1080 1772 ruyesr.
1091 1723 1128 1758 rs.
1140 1713 1197 1758 455.
1229 1710 1333 1760 ‘Quem
1349 1722 1401 1757 non

300 1795 322 1844 54
334 1793 429 1843 nostris
441 1790 541 1840 actibus
557 1787 650 1838 mentis
661 1786 770 1838 firmitus
781 1802 832 1837 nnn
870 1785 1002 1834 concutiet
1010 1785 1106 1834 cadens
1116 1782 1220 1846 Obliqui
1229 1783 1270 1830 vin
1277 1781 1402 1842 fulminis,

301 1868 404 1920 adesset
412 1865 431 1915 θ’
448 1865 525 1914 Idem.
587 1917 589 1924 Α
870 1860 932 1908 Non
948 1861 1034 1909 Eurus
1050 1859 1154 1922 rupiens
1169 1858 1317 1919 mare,Aut
1331 1872 1401 1907 servo

333 1945 429 1992 Mure.
438 1945 466 1992 4.
479 1939 591 2002 Quisquis
601 1937 727 2000 composito
736 1952 833 1988 5555555
870 1935 1169 1999 rupidusfretoventosi
1178 1942 1263 1986 tumor
1273 1935 1402 1986 Hadriae-⁹

302 2018 364 2081 555]
374 2018 466 2067 Seuer.
476 2017 502 2064 in
511 2016 592 2064 Herc.
606 2013 661 2063 OEt.
680 2018 787 2063 55107.
805 2022 833 2064 et
870 2013 945 2062 Idem.

288 2085 833 2158 =seqq-‘Quisquissubpedibusfeturapa·
906 2088 953 2137 Ve'o
968 2087 1081 2147 fulminis
1107 2089 1220 2150 metit]
1259 2087 1403 2138 Senecio

230 2171 232 2176 '
272 2215 275 2220 ,
302 2169 344 2219 545
354 2169 390 2218 Et
400 2179 514 2231 puppem
526 2165 614 2228 posuit
623 2163 725 2212 luminis
742 2162 834 2214 ultimi.
869 2161 1079 2226 Aguntum
1097 2166 1211 2214 ‘Nullus
1228 2165 1401 2226 hrrncterror,

302 2244 363 2295 Non
383 2241 489 2306 captivo
509 2241 583 2290 debit
604 2239 710 2289 bruchio
723 2239 833 2288 vinculis
870 2251 919 2286 nec
930 2239 1060 2302 impotens
1077 2241 1200 2290 Procelln
1216 2239 1325 2288 fortunae
1345 2253 1401 2287 nro-

302 2315 576 2382 Neepompaeueniet
594 2313 680 2363 nobile
694 2312 834 2364 ferculum.
871 2320 926 2375 vet,
948 2313 1002 2364 Aut
1023 2315 1104 2379 iniqni
1131 2315 1236 2366 4455555
1257 2312 1401 2364 Tonantis!

301 2394 338 2444 Et
355 2407 392 2443 vs.
409 2396 482 2442 1854.
515 2391 598 2441 ‘Non
618 2396 658 2438 est
680 2389 835 2452 gemendus,
870 2388 951 2438 Secus
961 2390 996 2439 de
1008 2391 1154 2452 sceleratis,
1164 2393 1207 2455 qui
1220 2390 1400 2440 obcommissn

302 2481 352 2518 nec
372 2467 446 2529 gravi
474 2466 605 2530 urgendus
624 2478 699 2524 nece,
726 2465 834 2514 Virtute
871 2465 1015 2529 trepidant.
1050 2467 1184 2518 iuvenalis
1210 2468 1305 2532 Selyru
1333 2480 1399 2519 xus.

302 2543 418 2608 quisquis
430 2542 540 2592 abstulit
548 2540 609 2591 fatis
620 2539 688 2589 iter!
720 2539 752 2590 In
763 2541 834 2604 Tlry-
871 2542 927 2592 ‘Hi
938 2550 997 2592 sunt
1013 2543 1057 2607 qni
1069 2543 1212 2606 trepident,
1227 2551 1255 2592 et
1269 2543 1301 2592 ed
1314 2543 1402 2592 555545

303 2625 354 2670 ert.
373 2613 410 2668 vs.
429 2621 487 2670 865.
504 2616 577 2667 ‘Qui
594 2622 652 2665 tuto
665 2616 764 2678 positus
775 2616 834 2664 loco
870 2615 975 2679 fulgure
992 2619 1100 2680 pellent,
1121 2619 1185 2667 Cum
1210 2624 1295 2682 tonet,
1314 2617 1403 2666 exeni-

302 2691 412 2742 Infruse
421 2691 492 2742 ridet
501 2689 594 2752 omniu,
604 2689 777 2752 occurritque
787 2704 834 2740 suo
870 2707 925 2741 mes
948 2693 1031 2756 primo
1053 2707 1158 2757 quoque
1180 2707 1313 2742 murmure
1333 2692 1402 2756 caeli,

300 2767 387 2816 libens
396 2767 472 2828 Fato,
481 2779 529 2814 nec
538 2763 745 2827 5555445555554.1
757 2763 833 2813 4555.
871 2770 933 2818 Non
953 2771 1026 2833 qnnsi
1046 2770 1180 2831 fortuitus,
1199 2784 1249 2818 nec
1266 2776 1402 2819 ventorum

336 2837 457 2902 unoque
477 2839 564 2902 Ponti]
593 2838 684 2886 Senes·
706 2837 734 2885 in
753 2838 834 2888 Herc·
871 2844 951 2906 rnbie,
969 2844 1016 2893 sed
1032 2845 1119 2893 Iratus
1134 2843 1251 2893 cedetin
1265 2850 1357 2905 terras,
1373 2853 1404 2894 et

303 2919 359 2973 OEt·
371 2931 409 2967 vs.
418 2921 462 2968 49.
476 2915 609 2966 ‘Tulimus
621 2914 722 2965 Oceani
734 2914 833 2966 5545553
864 2918 970 2982 judicet
985 2918 1063 2979 ignis.
1095 2917 1147 2966 Ille
1157 2918 1217 2966 nilril
1230 2918 1327 2981 nocuit,
1340 2933 1405 2968 curo

302 2992 378 3044 Idem.
871 2994 990 3057 graviore
1002 2994 1107 3042 timetur
1113 2992 1239 3041 'Proxime
1248 2999 1402 3056 tempestas,

338 3064 546 3130 litt·quet...igneo]
578 3065 639 3114 Vol.
658 3066 767 3116 Flaccus
788 3066 834 3115 lib.
872 3070 1003 3120 veluthoc
1018 3067 1218 3118 dilutusereuo!
1251 3069 1403 3132 Inqunruur

302 3156 341 3195 tv·
373 3142 437 3194 ‘sic
458 3141 503 3191 nbi
523 3141 644 3205 prorupti
668 3142 753 3191 tonuit
775 3156 834 3191 cum
871 3159 977 3195 numero
989 3143 1121 3194 habendus
1138 3145 1167 3193 C.
1176 3143 1265 3194 cesar
1276 3143 1404 3206 Caligula,

302 3217 373 3270 forte
383 3217 480 3267 Vesevi
497 3216 634 3280 Hesperie
654 3216 738 3265 letalis
751 3232 834 3279 npex;
872 3219 904 3266 de
916 3233 967 3282 qno
978 3218 1116 3269 Suetonius
1133 3218 1180 3266 lib.
1191 3231 1232 3267 rv.
1258 3221 1266 3246 ‘
1279 3217 1405 3281 Numqui

303 3293 347 3341 vix
358 3291 419 3340 eiurn
428 3291 505 3354 ignee
521 3283 635 3339 montem
649 3291 734 3338 Torsit
745 3291 834 3350 hiems,
871 3293 942 3340 Deos
953 3300 1091 3356 tantopere
1110 3298 1299 3355 contemneret,
1314 3292 1347 3341 ad
1359 3292 1405 3340 rni-

299 3367 407 3432 jamque
430 3365 509 3420 AEous
537 3366 603 3416 cinis
630 3364 714 3416 induit
742 3365 835 3416 urbes?
871 3369 940 3416 uims
952 3367 1068 3417 tonitruo
1087 3373 1117 3417 et
1134 3366 1244 3429 fulgure·
1254 3367 1405 3427 connivere,

303 3443 381 3492 Idem.
847 3440 952 3504 'caput
970 3441 1129 3502 obvolvere3
1155 3440 1189 3489 ed
1213 3441 1405 3503 5555554555

340 3518 452 3580 Vererer]
469 3519 545 3568 Mons
554 3517 714 3581 campanies,
724 3518 756 3567 nb
769 3525 835 3567 aestu
871 3517 1008 3581 proripere
1020 3532 1048 3567 55
1060 3532 1076 3566 5
1086 3522 1178 3572 strato,
1194 3515 1241 3564 snb
1253 3517 1404 3580 lectumque

305 3597 333 3640 et
352 3593 413 3654 igne
435 3593 617 3644 nobilissimus.
657 3593 784 3656 Apuleius
802 3595 836 3645 de
872 3589 1209 3659 cortderesnlelrut.'1dem.

303 3667 420 3720 Mundo:
438 3667 621 3718 ‘Quibusdam
637 3669 726 3719 subter
738 3671 836 3720 occulti
903 3667 956 3715 Nee
972 3681 1052 3729 sperne
1074 3666 1172 3729 aliquid,
1191 3680 1234 3714 555
1252 3666 1403 3730 extiment]

305 3746 365 3791 suunt
377 3740 494 3804 spiritus,
508 3746 536 3790 et
552 3739 646 3790 flantes
664 3742 786 3794 incendia
796 3745 835 3794 in·
872 3742 1007 3804 Expressit
1017 3741 1209 3805 elegentissime
1219 3742 1328 3804 priorum
1339 3743 1404 3792 illud

298 3815 389 3866 -didem
401 3816 550 3878 suspirant:
576 3821 606 3865 ut
625 3817 731 3878 Lipare,
741 3826 770 3868 ut
782 3821 836 3869 AEt.
872 3816 1010 3878 repientiae
1022 3824 1049 3866 et
1067 3816 1237 3866 beatitudiuis
1253 3816 1347 3865 Stoicen
1358 3818 1404 3864 ‹ie-

304 3904 345 3955 55,
355 3897 384 3940 54
402 3890 529 3938 Vesuvius
547 3889 626 3939 etiarn
643 3896 733 3940 noster
750 3894 836 3944 solet.’
871 3897 983 3951 cretum,
1009 3889 1078 3957 qnod
1106 3891 1244 3954 Epictetus
1271 3888 1404 3942 Euchirid.

304 3965 431 4028 Minntius
441 3965 527 4018 Felix:
554 3965 562 3992 ‘
574 3965 647 4014 Sicut
659 3965 734 4028 ignes
749 3968 835 4019 AEtnoe
871 3967 908 4016 sic
918 3964 1035 4030 profert:
1047 3964 1135 4015 'orror
1152 3962 1270 4026 ἐλεύθερος
1279 3961 1337 4012 εἶναι
1346 3963 1403 4020 4454-

305 4023 449 4093 ettiesuvii
461 4048 489 4091 et
506 4041 651 4092 ardentium
670 4040 766 4105 unique
783 4048 835 4093 ter·
870 4041 1017 4106 perruptae
1031 4040 1118 4091 tenere
1136 4059 1168 4103 rr,
1184 4037 1244 4101 pirre
1258 4038 1364 4101 φενγὲτω
1379 4059 1404 4090 τι

304 4131 391 4166 rurum
408 4114 528 4180 flagrent,
547 4131 596 4166 nec
615 4126 768 4180 erogantur:
797 4119 835 4168 itu
870 4121 918 4168 τῶν
927 4114 1314 4179 ἐπ’ᾰλλοις.ε4δὲμὴ,4ονλεύειν
1330 4116 1404 4181 ἀνάγ-

305 4194 405 4256 pnenele
415 4192 479 4242 illud
497 4193 643 4244 incendium
663 4208 713 4243 non
733 4194 833 4244 damnis
870 4211 917 4253 κηε
934 4193 1075 4257 ‘Quisquis
1084 4192 1150 4241 liber
1161 4205 1218 4241 esse
1229 4193 1308 4251 volet,
1319 4208 1402 4258 neque

306 4265 451 4320 ardentium
468 4268 763 4334 pascitur,sedinexesa
775 4283 834 4318 cor·
871 4270 960 4334 cupiet
987 4268 1134 4334 quicquum,
1155 4280 1240 4332 neque
1259 4277 1405 4343 auersetur,
