3184 4959
346 385 501 503 edurum
526 424 573 470 ne
597 425 748 474 cousus.
773 427 993 474 neruosusne.
1017 430 1089 478 ure.
1114 433 1139 480 r.
1225 418 1290 482 lul

201 577 290 613 omnes
300 563 444 612 reslrebere
455 563 610 627 imperium.’
630 565 717 617 Vallis.
762 564 822 628 thes
837 567 876 616 eal
894 566 1008 632 πάροικοι,
1025 569 1070 622 ted
1090 573 1291 631 σομπολῖοαοοῦν

234 638 406 704 mammete]
429 641 516 690 Verba
526 643 571 690 illa
584 657 617 691 ex
628 644 725 692 Hosne·
764 641 885 703 ὁγίονκοί
902 643 980 694 οἰκεῖοι
990 646 1033 694 τοῦ
1043 647 1110 696 Θεοῦ.
1144 647 1179 696 Ι).
1189 647 1289 709 Angust-

201 731 232 765 ro
242 724 384 777 mutuetur,
393 717 461 778 epud
473 731 549 780 quem
561 719 628 768 bunc
639 721 665 769 in
673 736 727 768 mo·
763 718 832 767 tinus
841 719 886 768 lib.
894 719 927 768 de
939 719 1028 770 cedem
1038 717 1209 772 CivitateDei
1219 735 1290 772 ¹111.

201 792 262 839 dnm
284 792 390 853 Ulysees
409 793 518 841 Grecos
539 793 658 842 adfatur:
676 795 726 843 οὐκ
763 793 844 857 ‘Ipse
856 801 896 843 ert
906 795 984 858 eninr,
997 796 1041 858 qni
1052 797 1079 844 iu
1090 797 1289 860 principiocou·

197 865 286 925 lawr
294 866 467 930 eremperto·
489 865 522 919 ris
536 867 639 932 οοίροοοο
653 868 724 930 ἕστο,
762 869 831 918 didit
842 869 972 932 mnndum,
993 871 1097 930 plenum
1116 872 1189 922 bonis
1209 873 1289 922 omni·

198 939 238 990 Bis
247 939 371 997 decuria
395 943 494 992 Eadem
502 944 615 1006 jactarit
627 946 657 995 C.
667 947 725 997 Cre·
762 943 811 992 bue
824 943 968 994 visibilibus
986 952 1065 1009 etque
1080 945 1287 1010 intelligibilibus

199 1031 242 1064 ear
254 1014 381 1080 Caligula,
400 1025 541 1069 mnostrum
556 1022 661 1070 hnmani
680 1037 724 1085 ge·
762 1018 849 1081 rebus,
867 1019 893 1067 in
911 1033 962 1081 qim
981 1020 1043 1068 nibil
1065 1021 1154 1068 melius
1174 1021 1289 1070 instituit

196 1093 265 1141 neris
275 1107 375 1141 sacrum
386 1100 415 1143 et
424 1096 581 1145 execrabile.
614 1098 723 1147 sueton.
761 1109 837 1157 quam
849 1095 966 1157 spiritus,
978 1096 1070 1159 quibus
1089 1096 1287 1158 intelligentiam

196 1169 241 1217 lib.
251 1183 289 1217 rr.
307 1169 388 1218 ‘Cum
399 1170 502 1219 audiret
513 1169 609 1233 Reges,
628 1173 671 1235 qoi
683 1171 723 1221 of·
761 1168 879 1231 dedit,et
889 1185 941 1220 sue
950 1172 1177 1234 contemplationis
1188 1172 1286 1222 habiles

197 1244 250 1294 licii
271 1259 361 1294 causae
388 1245 416 1293 in
438 1245 528 1294 urbem
550 1247 723 1309 advenerant,
761 1257 920 1308 capacesque
932 1246 971 1294 sul
982 1246 1116 1309 praestitit,
1137 1252 1216 1310 atque
1235 1260 1285 1296 stne

197 1328 378 1371 concertantes
397 1322 467 1383 apud
482 1336 511 1370 ee
527 1337 607 1386 super
624 1338 722 1372 omnem
760 1320 887 1369 societate
899 1319 1025 1384 devinxit,
1035 1335 1110 1384 qnam
1127 1328 1241 1371 sanctem
1257 1327 1285 1370 et

196 1396 230 1445 dc
251 1397 388 1445 nobilitate
410 1398 520 1460 generis,
552 1399 721 1448 exclamaritt
759 1410 897 1459 supernam
908 1397 1017 1448 dicimus
1027 1397 1177 1460 Civitatem,
1196 1397 1222 1446 in
1234 1413 1285 1462 qua

197 1469 237 1521 Eis
252 1472 356 1536 κοίροιοο
367 1470 437 1535 lure,
456 1471 496 1522 Eis
505 1468 626 1528 βασιλεύς.
662 1475 721 1524 Neo
758 1485 811 1533 ree,
822 1487 872 1536 qua
891 1479 1070 1523 sustententur
1086 1473 1207 1538 beatique
1225 1473 1286 1536 siut,

195 1549 303 1596 multum
314 1547 411 1609 abfuit,
426 1549 486 1613 quin
497 1550 587 1600 statim
601 1548 721 1599 diadema
757 1549 831 1597 Deus
841 1548 899 1610 ipse
910 1548 962 1598 illis
974 1557 1024 1611 est,
1037 1555 1157 1613 tanquam
1170 1550 1221 1599 ¹ritu
1230 1550 1283 1599 ric·

196 1630 318 1685 sumeret,
335 1624 500 1687 speciemque
513 1625 676 1689 principatus
694 1625 719 1673 in
757 1630 851 1688 tueque
870 1624 1028 1673 communis!
1060 1625 1095 1674 Et
1117 1625 1193 1689 paulo
1216 1634 1284 1688 post,

194 1699 268 1760 regni
279 1697 388 1748 formem
400 1701 585 1751 converteret!
603 1700 665 1751 Alio
674 1717 719 1751 en·
756 1701 764 1729 ‘
775 1699 895 1750 erilecit
904 1701 1041 1759 bominem,
1051 1701 1134 1763 ipsum
1141 1700 1219 1752 etiem
1228 1715 1284 1750 rec·

195 1781 250 1822 tem
262 1775 489 1826 accommodarunt
507 1776 648 1826 Homerica
663 1782 719 1825 tum
757 1775 1064 1824 tumeumeodemlibero
1073 1776 1192 1834 arbitrio;
1203 1780 1283 1824 terre·

193 1851 719 1919 Aristotelesinbletaplrysicis,tumJus·
756 1851 1282 1915 numquidemenimel,eedooelodiguum,

194 1927 265 1977 tirms
276 1929 378 1992 Mertyr
397 1929 424 1979 in
441 1931 474 1980 de
492 1933 643 1982 Monarcbia
658 1933 719 1981 Dei.
756 1927 778 1976 si
789 1943 835 1977 ruo
846 1929 990 1976 cohereret
1001 1927 1118 1977 auctori:
1134 1925 1238 1975 miserie
1249 1923 1282 1972 ei·

193 2004 307 2054 videet
326 2007 499 2057 Commentar.
510 2008 541 2057 C.
552 2007 719 2056 Rittersbesii
755 2003 853 2054 militer
872 2004 895 2052 ei
914 2017 973 2052 euru
997 2004 1131 2052 desereret
1152 2006 1281 2058 secutura,

192 2081 225 2129 ed
244 2081 358 2144 Oppiae.
381 2096 413 2132 ιι.
445 2083 598 2146 cynegetic.
618 2097 657 2132 vs.
678 2088 719 2133 46.
756 2079 838 2141 qualis
850 2074 1280 2143 netstraehujusmodiconveniret!

193 2157 278 2206 mum.
756 2154 832 2206 Quod
852 2162 1010 2217 postremum
1028 2155 1077 2204 hoc
1099 2153 1202 2202 ridetur
1222 2152 1280 2202 loco

224 2231 410 2296 Teoecieitntis]
427 2233 631 2295 Hocestcoeli:
649 2235 717 2299 quod
755 2231 872 2294 attigisse
884 2230 999 2280 Boetius.
1030 2229 1281 2279 Nonsolumautens

195 2309 271 2369 paulo
288 2315 349 2357 aute
365 2309 509 2372 ‘patriam'
525 2318 671 2367 vocaverat,
688 2317 717 2359 ut
755 2306 889 2355 beatorum
902 2305 1004 2366 coelum,
1017 2301 1139 2354 ‘Patria'
1157 2303 1280 2355 et‘Ciri-

192 2387 221 2430 et
230 2382 298 2431 libro
308 2395 345 2432 rr.
361 2384 440 2434 ‘Huc
459 2390 487 2434 te
506 2384 528 2432 si
543 2384 665 2433 reducem
677 2399 717 2432 re·
755 2380 812 2431 tes'
841 2380 947 2441 dicitur,
974 2380 1019 2428 sed
1046 2381 1125 2430 etiem
1141 2379 1280 2430 ‘Domus'

193 2454 264 2505 feret
282 2458 332 2520 vie,
354 2458 438 2510 Quem
457 2473 525 2508 nunc
544 2460 654 2523 requiris
672 2461 718 2508 im·
754 2457 852 2505 Paulus
864 2470 896 2505 11.
914 2457 947 2504 ed
960 2455 1077 2506 Corinth.
1093 2469 1151 2518 cup.
1163 2461 1187 2506 e.
1207 2455 1278 2504 ‘Sci-

192 2543 306 2591 ruesnor;
324 2532 390 2582 Hrec
401 2533 483 2590 dices,
499 2534 613 2596 memini,
631 2535 717 2596 petria
752 2547 810 2580 mue
821 2531 906 2592 enim;
923 2533 1043 2596 quoniam
1055 2532 1077 2580 ei
1094 2531 1225 2580 terrestris
1235 2529 1280 2578 do·

192 2612 234 2655 eet
244 2605 319 2667 mint,
337 2608 407 2656 Hinc
416 2615 498 2671 ortus,
508 2610 549 2658 bic
560 2610 648 2658 sistam
659 2623 716 2672 gra·
753 2621 810 2655 usus
821 2612 910 2656 nostre
921 2607 994 2670 lmjns
1004 2607 1172 2657 habitationis
1188 2606 1278 2656 dissul-

191 2679 271 2730 dum!
302 2680 584 2748 Anaxagorasquoque
601 2683 716 2746 publice·
753 2689 839 2742 emur,
859 2682 925 2746 quud
949 2681 1147 2733 edificationem
1165 2697 1198 2730 ex
1221 2683 1278 2732 Deo

190 2769 246 2803 rum
257 2771 340 2805 rerum
349 2759 531 2821 negligentior,
540 2773 599 2809 cunr
607 2761 716 2808 interru-
751 2758 900 2819 babeamus,
909 2757 1012 2806 domum
1030 2772 1080 2807 non
1093 2771 1169 2806 manu
1181 2756 1278 2806 factam

191 2838 305 2893 geretur,
316 2848 349 2882 an
358 2835 430 2884 nulla
441 2834 479 2883 illi
496 2836 589 2897 patrita
600 2849 663 2884 cure
674 2851 715 2883 ee·
751 2835 798 2883 aed
811 2833 980 2898 aeternmlin
998 2835 1086 2884 coelis:
1104 2849 1161 2883 nam
1181 2840 1209 2882 et
1228 2833 1277 2882 bon

192 2915 244 2965 eet,
261 2907 373 2971 Βορήμοο,
388 2907 458 2973 (ἔφη)
476 2909 527 2969 ἐμοὶ
539 2910 587 2972 γὰρ
601 2909 641 2958 rat
657 2911 715 2972 epd-
752 2909 1143 2972 ingemiscimus,habitationem
1156 2913 1279 2967 nostram,

191 2979 308 3042 δρομέλεο
326 2985 369 3040 τῆς
383 2983 499 3046 πατρίδος·
516 2983 716 3048 &lemmatum-
752 2997 810 3046 quae
821 2982 854 3030 de
868 2983 933 3032 coelo
944 2991 994 3043 est,
1014 2981 1163 3046 superindui
1173 2981 1277 3043 cupien-

191 3052 238 3113 νον,
254 3057 316 3105 ‘Dii
327 3058 443 3119 meliore,
459 3058 557 3121 inquit!
574 3059 635 3107 milri
647 3062 715 3108 enim
754 3057 814 3106 tes?
848 3057 918 3106 Hinc
938 3063 1062 3106 vocentur
1080 3059 1174 3118 Epirus,
1194 3070 1225 3106 ιι.
1247 3065 1277 3106 ut

190 3128 284 3193 patriae
302 3143 364 3178 cure
381 3136 411 3179 et
428 3130 531 3194 quidem
550 3145 648 3180 summa
666 3139 715 3195 est,
752 3137 964 3193 supranotatum
984 3137 1034 3194 eet,
1054 3130 1131 3180 οἰκεῖοι
1147 3134 1191 3182 τοῦ
1211 3134 1278 3196 Θεοῦ,

189 3204 300 3268 digitum
311 3204 337 3252 in
348 3205 439 3253 coelum
450 3205 607 3256 intendens!
637 3207 715 3257 Pbilo
752 3205 909 3255 ‘domestici
930 3205 999 3255 Dei!
1038 3206 1087 3256 Cui
1105 3207 1228 3255 convenit
1248 3216 1277 3257 et

189 3279 318 3343 librorepl
326 3280 449 3344 γεωργίας.
476 3280 669 3347 ὀτιοοιροικεΐν,
687 3283 715 3332 ob
751 3282 816 3332 illud
828 3282 896 3347 quod
913 3296 946 3331 ex
959 3281 1100 3330 Aristotele
1111 3279 1194 3331 refert
1203 3281 1277 3332 Cice·

190 3357 306 3404 “meir
325 3356 434 3417 ἤλθομεν.
456 3359 492 3419 τῷ
514 3358 562 3422 γὰρ
578 3357 629 3409 dm
648 3363 715 3410 πᾶοο
753 3375 782 3409 ro
791 3361 837 3410 lib.
849 3373 869 3409 1.
886 3359 919 3408 de
928 3359 1045 3409 Diviuet.
1055 3360 1138 3408 locum
1146 3359 1206 3423 quie
1216 3373 1276 3407 con·

190 3429 233 3491 ple
251 3432 318 3494 ψυχὴ
339 3435 415 3496 σοφοῦ
434 3434 535 3498 nereida
552 3435 597 3496 ple
612 3437 715 3501 ripaeos,
752 3435 818 3484 trahi
830 3449 879 3484 uon
894 3441 992 3497 potest,
1008 3436 1137 3496 integrum
1148 3434 1276 3485 dabimus.

189 3511 237 3567 'rim
245 3508 271 3557 δὲ
280 3507 348 3570 ξένην
358 3508 439 3572 ἔλαχε.
471 3511 525 3559 ‘Ut
536 3512 654 3575 inquilini
674 3527 713 3562 ee·
750 3509 837 3560 ‘Quid
856 3508 978 3570 singulari
997 3509 1036 3556 rir
1052 3509 1155 3572 ingenio
1177 3508 1277 3560 Aristo·

190 3597 285 3648 sensns,
313 3600 364 3635 non
394 3587 554 3636 habitatores
584 3587 715 3650 perpetui,
753 3585 819 3633 teies
831 3590 858 3634 et
869 3596 944 3646 peeue
954 3582 1059 3631 divino?
1091 3583 1277 3646 Ipeeueerret,

189 3661 314 3723 venimus,
332 3675 424 3710 resera
433 3661 502 3709 enim
514 3661 596 3710 omnis
613 3663 714 3726 sapien·
751 3673 784 3708 en
795 3659 851 3707 vult
862 3658 926 3705 alios
938 3670 1024 3706 errare
1035 3671 1092 3706 com
1103 3658 1206 3721 scribit,
1224 3661 1276 3710 Eu·

191 3737 226 3784 tis
245 3737 330 3786 anima
347 3736 439 3786 coelum
457 3736 537 3786 babet
553 3738 673 3800 patriam,
687 3739 714 3786 iu
751 3737 854 3785 demum
876 3735 1010 3798 Cyprium,
1028 3735 1180 3785 familiarem
1192 3749 1276 3798 suum,

189 3819 262 3859 terra
272 3826 333 3860 vero
343 3811 539 3874 peregrinetur!
558 3812 634 3862 Unde
646 3814 714 3862 idern
750 3811 802 3861 iter
810 3812 836 3860 iu
848 3812 1027 3866 Macedoniam
1033 3810 1170 3861 facientem
1179 3811 1279 3858 Pherae

189 3886 316 3936 bominem
327 3885 429 3950 odpdtror
437 3885 498 3948 ζῶον
508 3894 593 3953 vocet,
602 3889 663 3938 alibi
672 3904 716 3938 ve·
750 3888 867 3937 venisset
885 3903 942 3952 qne
959 3895 1018 3938 erat
1032 3888 1093 3937 urbe
1104 3889 1131 3936 in
1142 3886 1277 3934 Thessalia

191 3976 221 4010 ro
242 3960 344 4026 οὔρίνιον
361 3962 443 4025 pende.
479 3963 636 4012 ‘Civitatis'
653 3978 715 4013 vero
751 3969 806 4013 tum
819 3963 956 4012 admodum
975 3963 1075 4025 nubilis,
1085 3961 1117 4009 ab
1126 3957 1276 4008 Alexandro

189 4038 303 4100 nomine,
318 4041 368 4087 τόο
382 4041 523 4102 peraperte,
541 4039 632 4088 coelum
649 4039 716 4101 ipsa·
752 4046 840 4089 autem
853 4047 961 4102 tyranno
972 4037 1071 4086 crudeli
1086 4035 1217 4102 dominatu
1236 4042 1275 4084 te·

194 4125 244 4175 qne
255 4113 391 4164 beatitudo
402 4116 472 4178 apud
484 4115 644 4166 Christianus
659 4115 715 4167 fere
752 4114 881 4162 uebatur?
913 4112 946 4159 Iu
970 4126 1001 4161 eo
1021 4111 1099 4174 igitur
1121 4110 1217 4173 oppido
1238 4111 1275 4159 ite

192 4187 359 4250 designetur:
378 4191 622 4252 transmeantem
642 4198 671 4240 m
688 4194 714 4241 m
752 4188 867 4251 graviter
878 4201 975 4250 aegmm
990 4187 1133 4236 Eudemum
1144 4185 1233 4246 tuisse,
1245 4194 1275 4236 ut

188 4263 277 4328 terris,
295 4263 340 4314 ubi
357 4268 551 4330 peregrinamur
569 4281 584 4316 a
603 4268 715 4330 domino,
751 4278 839 4314 ornnes
862 4262 955 4312 medici
974 4261 1138 4312 diffiderent:
1155 4263 1179 4313 ei
1194 4263 1274 4312 risum
