3184 4959
309 413 377 481 882
657 424 809 481 nonrnrr
836 428 884 481 nn
907 430 1060 483 conson.

311 592 388 639 esso
404 574 551 639 dicotur!
583 570 675 651 Quid
690 582 742 640 est
762 579 872 640 autem
888 574 979 641 aliud
1003 573 1166 653 arbitrari,
1187 571 1265 637 ideo
1288 562 1400 636 Deum

311 675 432 751 fotura,
461 676 617 757 quoniam
644 681 721 740 sunt
747 684 916 755 eventura,
941 676 1124 760 providere,
1149 694 1250 759 quam
1272 681 1402 757 putare,

311 795 387 858 qnae
402 776 483 841 oiim
497 777 704 854 occiderunt,
718 798 858 843 cansam
872 798 1011 843 summm
1027 778 1117 843 illius
1131 796 1206 841 esse
1219 774 1404 840 Providen-

312 878 396 952 tint
432 876 573 957 Adhaec,
604 881 704 943 sicuti
734 879 910 962 numquid
925 897 1002 943 esse
1028 880 1113 955 scio,
1141 876 1175 941 id
1196 877 1306 958 ipsum
1330 886 1406 937 osse

313 998 453 1043 necesso
468 986 542 1058 est;
563 979 613 1043 ita
627 999 704 1043 cum
718 979 801 1064 quid
814 978 961 1043 futurum
973 980 1064 1057 nori,
1080 979 1116 1043 id
1131 978 1245 1060 ipsum
1259 976 1407 1039 futurum¹

314 1096 389 1142 esse
404 1086 541 1142 necesse
557 1083 617 1143 est
670 1080 729 1143 Sic
751 1079 791 1143 fit
813 1080 913 1159 igitur
940 1085 981 1143 ut
1006 1085 1144 1143 eventus
1165 1076 1333 1162 praescitae
1356 1072 1409 1138 rei

314 1185 461 1262 nequeat
473 1181 600 1245 evitari.
644 1180 825 1244 Postremo
840 1182 870 1244 si
886 1180 968 1263 quid
993 1181 1115 1262 aliquis
1136 1174 1339 1243 aliorsumvt
1359 1177 1409 1241 at·

315 1301 381 1365 que
397 1301 471 1346 sese
489 1290 570 1345 res⁷
591 1281 699 1343 hebet
718 1282 900 1357 existimet,
913 1282 950 1347 id
964 1300 1034 1344 non
1050 1281 1153 1345 modo
1178 1278 1323 1344 scientia
1341 1295 1409 1342 non

315 1390 380 1459 est,
394 1381 455 1446 sod
476 1389 528 1447 est
550 1381 665 1464 opinio
688 1380 809 1461 fallax,
833 1401 855 1446 a
869 1380 1047 1446 scientiae⁸
1072 1383 1215 1446 veritate
1236 1382 1334 1462 longe
1358 1378 1410 1443 di-

315 1503 427 1550 versa.
470 1481 584 1560 Quare
599 1483 630 1546 si
647 1482 730 1566 qnid
743 1483 792 1548 ite
812 1484 959 1549 futurum
983 1490 1048 1563 est,
1074 1491 1113 1547 ut
1131 1484 1205 1567 ejus
1226 1490 1346 1561 cortus,
1368 1502 1409 1546 ac

316 1584 528 1650 necessarius
554 1603 622 1648 non
640 1586 687 1648 sit
699 1592 850 1664 eventus,
876 1586 912 1650 id
936 1592 1133 1651 eventurum
1159 1604 1233 1650 esse
1259 1581 1411 1668 praesciri

317 1686 378 1769 qni
392 1685 562 1768 poteriti⁹
584 1685 679 1752 Sicut
703 1687 791 1749 enim
805 1687 947 1750 scientio
961 1686 1039 1769 ipsa
1055 1686 1261 1769 impermista
1281 1688 1334 1748 est
1347 1683 1412 1747 fal·

319 1786 446 1865 siteti,⁴
465 1786 517 1851 ita
540 1786 588 1863 id,
607 1785 701 1867 quod
721 1787 764 1850 ab
790 1805 834 1851 ea
859 1786 1058 1869 concipitur,
1085 1804 1162 1850 esse
1188 1785 1286 1849 aliter
1309 1790 1412 1866 atque

318 1888 512 1971 coneipitur
534 1886 662 1969 nequit
706 1884 758 1949 Ee
780 1905 923 1971 namque
947 1904 1055 1951 cansa
1077 1892 1128 1951 est
1153 1904 1212 1951 cur
1234 1885 1412 1949 mendacio

319 1988 461 2054 scientia
474 1992 598 2065 eareat,
619 1986 709 2069 qnod
732 2004 770 2049 so
793 1988 843 2051 ita
866 2006 939 2051 rem
953 2006 1122 2070 quemque
1135 1987 1256 2051 habere
1275 2000 1413 2051 necesse

318 2095 383 2165 est,
410 2088 463 2153 nti
493 2106 569 2151 eam
596 2105 672 2151 sese
696 2086 820 2151 habere
845 2088 983 2152 seientia
1010 2086 1267 2171 comprehendit.
1320 2086 1413 2165 Quid

319 2190 443 2272 igitnr‘i
466 2188 624 2267 Quonam
636 2188 738 2253 modo
753 2188 847 2253 Deus
857 2190 930 2254 haec
944 2189 1072 2254 incerta
1084 2188 1197 2253 futura
1210 2188 1414 2272 praenoscit?

324 2290 415 2355 Nem
429 2291 461 2355 si
474 2289 711 2354 inevitabiliter
724 2294 882 2354 eventura
897 2295 1014 2354 censet
1038 2309 1115 2374 qnae
1129 2290 1230 2355 etiam
1253 2309 1321 2354 non
1336 2309 1413 2354 eve-

320 2394 394 2458 nire
409 2391 572 2475 possibile
587 2397 651 2471 ost,
673 2391 822 2456 fallitur:
846 2390 937 2475 quod
964 2392 1086 2457 sentire
1104 2409 1173 2455 non
1193 2389 1293 2456 modo
1317 2390 1411 2477 noias

353 2586 364 2613 e
381 2579 438 2628 Non
445 2579 552 2644 perinde.
614 2578 628 2613 ὃ
647 2580 694 2629 Est
704 2594 788 2644 expers
795 2579 894 2630 error-is.

779 2708 961 2728 mmm

322 2775 351 2819 et
361 2770 584 2821 Victeecondne:
602 2786 790 2834 mmeeeeree:
807 2772 891 2825 bene!
913 2773 1050 2824 Vettio-8
1066 2772 1218 2823 Abeeientioe
1227 2769 1416 2836 Detpnflaek.

322 2838 372 2884 -o
387 2833 440 2884 Ms.
451 2835 578 2887 Rittersh.
589 2838 700 2900 praeire
710 2838 933 2901 postposuit-1⁰
947 2836 1078 2887 ‘Humana
1093 2836 1211 2899 opinione]
1229 2836 1347 2885 Hemone
1365 2835 1417 2897 opi·

802 2928 805 2935 ψ

816 2948 926 2999 NOTAE

323 3042 541 3106 versom‚mot'ato
549 3046 650 3097 seilicet
658 3062 742 3098 rerum
752 3048 853 3109 ordine,
891 3046 984 3096 mentis
993 3045 1103 3111 qualitas
1113 3061 1128 3095 s
1137 3042 1300 3108 Philosophia
1311 3046 1418 3094 vocatur

324 3126 433 3168 eventus
445 3118 546 3170 tuturos
566 3136 624 3171 esse
640 3138 743 3174 censam
754 3124 851 3174 dirinae
890 3122 1009 3184 scientie,
1024 3123 1080 3172 haec
1097 3121 1177 3172 debet
1192 3135 1248 3170 esse
1268 3134 1319 3170 non
1341 3120 1418 3168 modo

323 3192 518 3242 Providentimz
535 3195 597 3257 quie
607 3210 665 3243 enm
675 3196 758 3244 omnis
775 3211 852 3246 eausa
892 3196 1006 3255 evidens,
1018 3211 1106 3245 rerum
1125 3196 1203 3244 etiam
1216 3209 1288 3257 vere,
1297 3201 1324 3243 et
1335 3200 1418 3255 certe,

325 3264 852 3332 sitsooeffeotoprior,‘preposterum'est
892 3270 984 3319 seltern
997 3271 1097 3319 ratione
1103 3270 1196 3334 judicii
1205 3271 1273 3335 quod
1282 3270 1332 3320 sibi
1340 3270 1419 3320 hebet

324 3340 398 3405 illud,
409 3341 479 3406 qood
491 3350 585 3392 ncerto
596 3343 725 3393 duntaxat
733 3349 852 3407 tempore
894 3358 1036 3395 annexum:
1053 3345 1118 3393 adeo
1131 3350 1160 3393 ut
1169 3359 1217 3394 neo
1229 3347 1311 3395 instar
1322 3346 1418 3396 erroris

325 3416 427 3479 existit,
434 3431 492 3467 esee
500 3432 602 3468 oensem
610 3420 666 3482 ejus
676 3418 745 3485 qood
757 3434 790 3468 ex
800 3435 853 3469 om·
892 3419 927 3468 tit
936 3416 1009 3483 salsa,
1028 3432 1077 3468 nee
1098 3419 1181 3468 instet
1197 3422 1323 3483 optntonis
1335 3421 1368 3470 eit
1379 3422 1417 3469 in·

324 3491 353 3538 ni
369 3492 518 3541 eternitate
539 3494 647 3545 existit:
674 3496 701 3544 id
720 3500 807 3544 entem
826 3510 854 3545 se
894 3502 1053 3545 certarenm
1064 3492 1144 3558 igitur
1154 3496 1322 3546 Providentia
1332 3496 1420 3546 divina

325 3566 442 3624 moeret,
451 3566 473 3613 si
481 3574 589 3616 eventus
598 3569 702 3619 futuros
712 3578 783 3619 esset
793 3585 853 3620 cau·
894 3572 930 3621 sit
946 3572 1065 3633 scientio,
1080 3572 1224 3637 etquidem
1240 3574 1339 3622 meliori
1345 3574 1421 3636 jure,

327 3654 358 3687 ea
376 3637 469 3688 dirinae
496 3641 690 3693 Providentiae:
719 3660 778 3695 nem
795 3660 853 3709 qum
896 3644 1420 3711 quamquoelibethnmanecognitio,prop·

329 3714 390 3763 oiim
413 3714 574 3778 ecciderunt,
597 3718 670 3767 verbi
693 3722 783 3783 gretie,
804 3722 854 3771 Ro·
897 3726 969 3769 terea
984 3718 1155 3769 Providentia
1172 3721 1260 3771 divino
1275 3722 1421 3769 debetesse

327 3802 404 3839 ment
412 3790 516 3854 moenia,
527 3805 585 3841 eom
597 3793 653 3843 haee
672 3801 750 3845 antea
767 3796 855 3847 futore
894 3809 947 3844 non
956 3794 1155 3862 modoeridene,
1165 3795 1338 3848 verumetiam
1349 3809 1420 3857 rere,

328 3871 425 3929 essent,
440 3873 528 3917 essent
543 3882 630 3918 esoeae
648 3867 744 3920 divine
760 3870 853 3921 Prori-
894 3878 923 3919 et
932 3877 1023 3920 certe:
1042 3873 1114 3935 etqui
1125 3870 1420 3935 eorum,qnaelibertete

327 3941 426 3994 (lentim
438 3956 496 4006 qun
505 3949 605 3994 eterne
614 3951 663 3995 est.
894 3946 1004 3995 humone
1022 3944 1110 3996 future
1131 3953 1227 4011 essent,
1244 3948 1314 3997 nolle
1331 3956 1421 4012 posset

360 4016 419 4068 ⁶82¹
437 4020 493 4080 poio
510 4020 596 4083 aliquis
616 4020 737 4082 altorem
756 4020 811 4083 εἷα]
822 4034 855 4070 11.
894 4035 952 4070 esse
970 4020 1140 4072 Providentia
1162 4021 1276 4085 evidens,
1301 4037 1373 4087 vera,
1391 4030 1421 4073 et

328 4091 462 4143 Probatur
476 4094 623 4158 speciatim,
633 4108 667 4143 ex
683 4101 758 4158 parte
774 4096 854 4159 ipsius
895 4102 985 4147 certe:
1002 4098 1069 4163 quod
1085 4098 1140 4145 haee
1150 4110 1202 4147 non
1218 4098 1251 4148 sit
1268 4098 1319 4149 nisi
1337 4097 1371 4148 de
1388 4099 1420 4152 in

329 4167 426 4217 divion
442 4167 630 4234 Providentia,
645 4170 774 4234 predicte
796 4185 856 4221 eoo·
895 4186 953 4239 quae
965 4173 1109 4225 necessario
1119 4175 1188 4226 sunt.

330 4242 420 4296 cordis
437 4256 489 4293 noo
508 4258 585 4307 poue
606 4252 695 4297 stare:
717 4246 778 4311 quie
797 4260 856 4313 quae
