3184 4959
287 382 355 448 att
633 397 739 448 norm
766 391 967 448 vuerunuu
994 394 1034 444 ru

288 540 425 592 discrimen
438 540 505 590 inter
522 539 664 592 ordinarios
680 546 710 592 et
723 536 816 594 sadans
856 543 879 588 1.
912 538 1018 591 ‘Libros
1035 538 1159 589 incolumi
1176 552 1208 590 eo
1230 536 1375 602 peregisti!

288 617 474 670 tusConsules.
507 614 815 678 Comtatexfastieuorr
854 615 905 664 lstl
922 615 1042 680 loquendi
1055 614 1171 666 fortuitis
1189 616 1379 666 nonabsimllis

288 695 368 746 semel
378 692 425 742 sed
436 692 533 756 sapius
549 692 705 743 ordinarium
715 693 816 744 Consu·
855 689 898 738 illu
909 689 1093 742 Horatcarru
1106 705 1149 742 ιιι.
1165 691 1276 748 Odnlt.
1309 693 1382 740 ‘Ert-

287 772 338 820 leur
366 769 488 826 Bu'e'tiurn
509 767 599 821 fuisse·
643 769 715 818 Note
736 769 817 820 etium
855 765 898 827 egi
926 772 1118 817 monumentum
1141 780 1194 816 ure
1218 764 1381 829 perennius.'

288 845 438 910 Magisterii
462 851 490 894 et
511 843 673 896 Patriciatus
693 843 816 907 dignitas.
854 842 890 893 Et
906 841 985 892 Orid.
1002 841 1029 890 iu
1045 840 1096 893 fine
1115 842 1224 892 Metam.
1253 841 1381 905 ‘Jamque

288 923 357 974 inter
370 923 458 972 titulus
475 935 536 970 reru
556 919 673 972 inferiori
693 933 749 970 aevo
760 919 817 970 lreec
854 915 1022 980 oprrsesegi!
1036 916 1122 968 δίκαι.

286 998 436 1063 relata‚qui
448 997 488 1048 rel
502 995 652 1048 cassiodori
669 997 759 1048 decern
770 1009 817 1058 pa·
886 996 993 1049 Fletibus
1014 1011 1057 1046 ors
1071 994 1166 1058 meost]
1183 995 1291 1044 Senecae
1310 993 1382 1042 testi·

288 1075 361 1138 gloss
380 1073 516 1135 evolverit,
533 1086 585 1122 non
603 1072 715 1134 ignorat.
749 1071 816 1124 Cou-
855 1073 942 1122 monio
960 1071 1173 1136 frequentissime
1189 1078 1250 1122 uter
1266 1070 1381 1120 inhisce

288 1153 344 1204 sule
361 1151 444 1214 Epist
456 1162 508 1200 xrr.
526 1148 594 1198 libro
611 1161 632 1196 ι.
650 1147 713 1197 Ver.
732 1146 817 1210 Epist.
855 1149 940 1211 Notis,
958 1149 1112 1212 renitetque
1127 1147 1305 1198 demonstrare
1324 1145 1381 1195 nul·

288 1243 318 1280 rr.
343 1227 410 1276 libro
428 1240 462 1278 rr.
496 1223 579 1288 Epist.
601 1223 816 1274 tornutium.
854 1223 972 1273 lumfere
987 1225 1152 1286 logicermeu
1165 1221 1381 1286 coenumque

289 1303 411 1366 Denique
431 1308 461 1352 ut
483 1302 560 1364 pleue
577 1306 606 1348 et
624 1301 701 1362 plane
717 1297 817 1360 capias,
854 1313 905 1350 uon
916 1308 1051 1361 appareat,
1068 1311 1127 1348 enm
1141 1296 1285 1348 surdleauro
1300 1295 1381 1352 fnisse

286 1380 345 1442 lege
366 1377 488 1428 formulae
508 1375 671 1438 Consulatus,
690 1373 817 1424 Patricia·
853 1376 1010 1428 imitatorem
1030 1374 1097 1425 illios
1107 1373 1279 1436 'l'ruqiciqai
1294 1373 1334 1424 ita
1352 1372 1381 1422 in

289 1461 340 1515 tue,
351 1458 379 1503 et
389 1449 546 1514 Megisterii,
556 1449 624 1512 apud
635 1449 744 1500 eundern
755 1449 817 1500 Gas-
854 1451 951 1504 Oetae.
970 1467 1011 1503 rs.
1028 1456 1085 1504 322.
1108 1456 1136 1502 et
1155 1466 1228 1515 seqq.
1263 1448 1381 1500 ‘scindit

288 1528 416 1582 sludorunr
427 1527 473 1578 lib.
485 1539 523 1574 rr.
539 1525 656 1577 Bemurt.
855 1535 940 1582 restes
953 1527 1075 1591 Augusta
1088 1541 1159 1589 suas,
1174 1527 1327 1590 laceratque
1335 1540 1380 1575 co·

322 1602 495 1659 crasmarus
517 1601 683 1665 Philosophia]
710 1601 753 1652 Sic
776 1598 816 1652 res
853 1605 1008 1668 maenium
1026 1610 1055 1654 et
1073 1603 1173 1655 mustis
1189 1600 1294 1652 datibus
1316 1601 1379 1651 orel

287 1680 399 1744 positum
420 1694 452 1728 ex
476 1684 541 1729 vett.
560 1677 636 1729 cedd.
655 1679 816 1742 manuscrip·
853 1682 929 1734 um.

287 1757 332 1819 tis,
343 1755 425 1820 iisque
434 1755 617 1819 optinraenotee
628 1771 634 1802 :
647 1769 731 1819 neque
739 1756 815 1807 aliem
885 1758 941 1809 flur
949 1756 1045 1819 sedem]
1056 1756 1178 1807 Imitatus
1190 1753 1380 1805 esseOridlum

287 1836 442 1899 scripturam
461 1834 557 1884 hubent
575 1832 692 1896 plerique
708 1833 817 1886 Senecae
853 1835 968 1891 ridetur,
990 1849 1024 1885 ex
1046 1848 1085 1882 rr.
1106 1832 1232 1882 Triarium
1252 1831 1342 1894 Elegia
1360 1844 1382 1880 1.

288 1911 498 1966 Consolatiouum
508 1907 569 1958 libri
580 1906 605 1954 iu
618 1909 816 1958 vettmerubru-
853 1925 902 1959 non
912 1912 1004 1973 semel,
1024 1911 1086 1958 ‘Me
1103 1923 1202 1974 quoque
1216 1909 1292 1956 Musa
1307 1907 1380 1955 ierat

287 1987 335 2038 nis,
368 1987 457 2040 Sensit
483 1985 581 2048 qnippe
603 1983 721 2046 Boetius,
742 1994 772 2036 ut
787 1998 816 2038 et
852 1987 931 2037 Ponti
946 1987 1005 2037 loca
1019 1986 1093 2048 jussa
1109 1992 1251 2048 petentem,
1265 1981 1378 2032 Selaco-

288 2063 331 2112 elii
349 2061 502 2124 scriptores,
524 2062 678 2113 surculorum
699 2063 815 2126 superio·
852 2075 907 2111 mes
918 2067 1014 2110 nostrae
1026 2061 1142 2122 perstitit
1157 2059 1203 2108 illa
1218 2056 1303 2120 fuges
1319 2056 1380 2107 Sola
1466 2086 1470 2091 -

288 2152 344 2186 ruru
357 2135 513 2198 barbariem,
529 2135 589 2189 durn
601 2137 709 2201 quisque
724 2137 816 2188 infelix
853 2151 901 2189 uec
912 2137 1017 2186 iusidias
1026 2137 1104 2196 inter,
1115 2151 1165 2186 nec
1176 2135 1265 2184 militis
1280 2147 1381 2193 ensem,

287 2213 418 2275 interpres
436 2217 482 2267 aut
502 2213 654 2262 temerarius
665 2214 816 2265 scholiastes
853 2213 1000 2273 Neomare,
1012 2226 1060 2260 uec
1071 2222 1172 2276 ventos,
1184 2211 1380 2274 barbariamque

289 2287 369 2338 audet
380 2295 407 2338 et
419 2287 523 2342 titulum
535 2294 563 2344 et
582 2289 704 2343 orationis
721 2293 815 2342 seriem
853 2288 928 2338 timet
938 2287 954 2337 ι’
982 2288 1092 2351 aliisque
1105 2289 1220 2338 versibus
1230 2288 1295 2339 ibid.
1327 2287 1379 2336 Pa-

290 2364 404 2426 turbare,
415 2365 566 2430 plerumque
585 2374 615 2416 et
627 2369 816 2419 sententiarum
852 2373 943 2430 tetque
959 2379 992 2414 ex
1003 2365 1052 2413 ltoc
1070 2367 1127 2414 loco
1142 2366 1243 2417 exulem
1253 2369 1380 2424 nostrum,

288 2442 401 2504 ipserum
420 2440 470 2492 vim
488 2456 647 2507 aerrmenque
668 2444 817 2498 adulterare
851 2441 1060 2512 Tlreoqloricisut
1076 2449 1147 2490 metu
1164 2449 1208 2490 ant
1225 2448 1335 2499 terrore,
1346 2437 1381 2488 als

289 2533 320 2568 ac
331 2517 471 2582 frangere3
486 2519 555 2582 quod
567 2519 593 2568 iu
610 2525 697 2574 nostro
708 2521 746 2571 its
763 2537 816 2572 me·
852 2519 969 2572 omnibus
978 2520 1068 2569 amicis
1077 2519 1221 2567 desertum:
1233 2516 1380 2581 quidecim,
1423 2526 1429 2543 ¹

288 2592 410 2644 nifestuur
430 2601 479 2656 est,
490 2600 519 2648 ut
536 2608 602 2657 pene
622 2596 687 2647 alius
703 2597 816 2650 sltBoii-
852 2602 914 2658 post
928 2609 1045 2646 eversam
1065 2592 1307 2655 Romam,aGotlro
1327 2607 1379 2644 non

291 2669 351 2728 tius,
362 2669 406 2731 qui
417 2683 476 2721 curu
495 2669 694 2726 Commentariis
705 2674 816 2727 D.'l'iro·
851 2679 987 2726 cruentum
1000 2671 1217 2734 exspectaretur?
1238 2671 1329 2720 Vallis.

289 2759 337 2794 rum
348 2742 413 2794 falso
430 2744 551 2806 ascriptis
569 2745 760 2812 legitur,quurn
771 2750 815 2815 qui
885 2751 925 2800 Ne
942 2753 1049 2800 sostrata
1070 2747 1167 2798 marites
1182 2751 1378 2808 persequerentur

289 2821 315 2870 iu
329 2820 439 2870 uetustis
451 2819 592 2876 codicibus,
614 2823 702 2875 Vultis.
851 2825 911 2889 iter]
935 2825 1022 2875 'l'anta
1039 2828 1082 2873 est
1104 2821 1151 2883 ris,
1172 2827 1247 2870 tenta
1262 2819 1380 2870 efficacia

322 2895 436 2948 Garmias
448 2929 454 2946 .
468 2931 476 2946 .
490 2897 601 2960 .peregi]
619 2899 675 2955 Diu
695 2901 815 2965 equidem
850 2904 996 2954 liberalium
1008 2901 1150 2963 ortium,nt
1160 2899 1307 2963 conjunctae
1319 2913 1380 2948 cum

291 2971 420 3036 valdeque
442 2971 568 3036 dubitari,
589 2987 621 3022 un
640 2975 704 3024 satis
724 2978 816 3030 Latine
851 2979 1025 3031 enimisuullo
1046 2986 1163 3041 tempore
1180 2975 1314 3038 deliciunt,
1330 2976 1380 3026 sed

290 3046 816 3116 diciposset‘Peragerecarmeufquem
850 3062 1022 3120 permaneant
1044 3054 1174 3105 stabiliter
1194 3053 1228 3102 ad
1250 3067 1380 3110 sumtuum

291 3131 378 3174 temen
390 3139 475 3174 meum
487 3129 636 3189 scrupulum
645 3128 815 3192 probatipos·
853 3133 955 3182 exitum
964 3132 1034 3182 sitae.
1047 3130 1126 3180 orio.
1135 3129 1264 3179 unTrist.
1272 3130 1379 3192 Elega.

290 3207 331 3250 teu
341 3213 460 3248 exemere
477 3208 597 3253 auctores
613 3205 731 3254 Valerius
743 3207 816 3254 Flac·
851 3208 916 3256 ‘Nil
928 3219 980 3254 nou
996 3206 1106 3253 mortale
1123 3211 1241 3254 tenemus
1259 3204 1381 3254 Pectoris

289 3289 335 3326 cus
354 3275 399 3325 lib.
419 3279 444 3328 4.
464 3274 609 3340 Argonaut.
636 3279 669 3328 de
690 3280 813 3342 Orpheos
851 3279 970 3342 exceptis
989 3279 1135 3340 ingeniique
1155 3278 1237 3329 bouis.
1270 3279 1310 3330 En
1328 3294 1379 3343 ego

288 3351 434 3402 ‘Tlrrueius
450 3359 478 3403 at
495 3367 593 3404 summa
603 3353 709 3404 sociise
727 3371 815 3420 puppe
850 3369 909 3406 curn
927 3354 1012 3418 patrie
1023 3367 1135 3415 caream,
1153 3354 1277 3417 vobisque
1293 3354 1381 3404 domo·

289 3429 412 3480 sacerdos
433 3430 496 3478 Fata
514 3431 611 3489 Deum,
623 3437 650 3482 et
666 3432 765 3482 miserm
777 3449 815 3484 so·
853 3447 914 3499 que,
926 3433 1065 3495 Raptaque
1077 3429 1217 3480 sintadirui
1233 3445 1290 3494 que
1307 3437 1382 3493 potu·

288 3503 511 3558 lsnsincommade
523 3507 715 3563 visumensem
727 3525 815 3562 uterne·
852 3525 898 3561 ere
920 3509 996 3560 milri:
1023 3507 1228 3570 ingeniotamen
1247 3507 1304 3570 ipse
1320 3523 1379 3558 meo

288 3578 323 3628 rie
341 3578 405 3639 ugit,
420 3584 448 3626 et
464 3577 617 3630 medicabile
629 3586 751 3635 carmen)
765 3586 816 3637 Au·
851 3589 1011 3651 comitorque
1030 3587 1160 3652 fruorque,
1177 3588 1267 3638 Caeser
1286 3590 1312 3639 in
1332 3589 1381 3638 lroc

288 3651 376 3703 souius
387 3651 420 3700 de
429 3653 503 3701 Ludo
516 3666 569 3702 vn.
581 3658 744 3720 sapientum:
761 3662 815 3711 ‘U·
852 3664 940 3727 potnit
954 3663 1022 3725 juris
1041 3664 1138 3714 hahere
1155 3664 1237 3714 nihil!
1270 3667 1305 3718 Et
1315 3665 1380 3718 iliud

288 3741 346 3778 narn
372 3727 495 3777 trecentis
524 3729 640 3780 versibus
659 3738 815 3790 sententiam
851 3745 910 3789 srst
919 3739 989 3803 quod
1000 3738 1085 3802 Stilpo
1094 3740 1163 3803 apud
1174 3742 1319 3804 Diogenem
1330 3742 1379 3790 ue-

287 3802 401 3853 'l'audem
419 3803 530 3867 peregit,
551 3819 644 3869 meque
664 3821 816 3874 respectans
850 3814 1057 3864 terruerint.
1091 3816 1226 3866 Demetrio
1255 3815 1378 3878 Antigoni

288 3880 363 3934 alsit?
403 3880 552 3943 ‘Persgere
574 3883 727 3948 rulrrmlns‚'
748 3888 816 3938 dixit
851 3889 1378 3955 filio‚seriptissibitraderecequrssmi·

289 3957 390 4007 Plinius
409 3957 552 4022 Secundus,
567 3957 611 4009 lib.
629 3973 673 4010 nr.
692 3961 778 4026 Epist.
790 3970 815 4014 li.
852 3974 923 4018 serat
933 3966 1031 4017 volenti
1042 3967 1104 4017 uiuit
1114 3980 1223 4016 suumse
1234 3966 1381 4030 perdidisse

289 4031 365 4082 ‘Huc
384 4032 531 4084 intentione
551 4041 591 4086 tot
613 4035 664 4088 istu
687 4039 817 4093 volumius
852 4043 1003 4106 respoudit:
1020 4042 1116 4106 qnippe
1128 4039 1273 4092 doctrinam
1284 4048 1379 4092 etern-

288 4107 401 4203 qrqreglt,
428 4109 632 4176 Electorurnque
660 4125 816 4168 commenta·
854 4117 1380 4184 ditionemsihlsdemisseneminem,re-

290 4227 342 4278 ιιι
357 4228 364 4255 ⁶
378 4192 816 4306 Persseiii‘iio‘l’lr'i!lillis
851 4193 1380 4312 ltererrateert‘lt'titttt}
