3184 4959
296 397 361 468 luo
641 415 749 465 noun
773 415 975 466 vuurouurs
1000 416 1039 465 ru

298 566 424 621 terarum,
449 573 527 622 super
558 559 723 608 immaturum
752 558 829 609 funus
865 560 980 624 Scipioni
999 559 1145 621 Panaetius,
1161 556 1342 608 Athenodorus
1367 564 1395 608 et

297 636 489 700 consumpturis
513 635 610 684 viscera
639 651 697 686 urea
719 635 829 684 flammis
867 634 1396 700 ApollonidesstoiciacDemetriusPeri·

298 712 419 775 injicere,
435 726 521 777 neque
536 712 602 760 lranc
619 711 722 774 impiam
735 711 830 761 vivaci·
867 712 998 775 pateticus
1016 711 1120 773 Catoni,
1136 710 1317 760 Athenodorus
1328 712 1396 760 alter

297 792 380 836 tatem
399 787 472 838 novis
490 788 596 852 iusuper
612 788 681 837 curis
697 785 829 850 fatigare!
865 785 995 851 Augusto,
1012 785 1113 835 Licinio
1126 785 1214 835 Silano
1227 785 1394 848 Heliodorus,

298 863 375 912 Idem.
866 863 957 911 Bareas
968 863 1065 911 Sorano
1075 862 1202 924 Egnatius
1213 860 1300 922 Celer,
1318 861 1395 910 Paeto

298 965 301 972 ·
331 938 396 994 Quid
409 953 446 988 me
456 937 566 1000 felicem]
582 938 674 987 Senes.
692 937 718 985 iu
736 936 829 1000 Agam.
864 939 1159 989 Tbrnseallemetrius
1181 938 1304 1002 Cynicus,
1326 939 1394 999 Epa·

295 1029 335 1064 vs.
347 1018 404 1064 ⁷41.
423 1015 513 1068 ‘Quid
533 1028 574 1064 sue
596 1015 694 1064 vocatis
707 1016 830 1078 sospitem
866 1015 987 1078 phrodito
996 1015 1144 1078 Epictetus,
1155 1015 1235 1064 Canio
1243 1015 1315 1065 Julio
1326 1029 1396 1077 suus,

298 1091 379 1140 solam
389 1105 404 1139 e
414 1093 477 1141 meis
487 1093 592 1141 Umbrae
602 1092 742 1142 uteorumi'
755 1093 830 1144 lderu.
865 1090 972 1142 Julisuo
983 1093 1052 1142 Cas.
1063 1091 1201 1140 Sallustius
1213 1104 1244 1140 ac
1257 1091 1396 1151 Maximus,

329 1167 416 1216 Stubili
427 1183 473 1216 uos
484 1173 535 1218 erut
546 1169 587 1218 iile
604 1169 694 1232 gradu]
713 1170 830 1219 Pruden·
867 1169 1015 1231 magnisque
1033 1168 1091 1218 aliis
1111 1167 1172 1216 viris
1195 1160 1394 1231 Philosophi.'in

297 1243 349 1291 tius
367 1243 393 1291 in
410 1242 519 1302 Praefat.
540 1245 631 1293 libri.
649 1253 740 1294 contra
757 1247 830 1308 Sym·
866 1241 962 1292 familia
973 1250 1062 1293 eruut:
1081 1244 1126 1307 qui
1144 1258 1188 1292 eos
1211 1243 1313 1308 inipso
1332 1243 1394 1295 vitoe

296 1319 431 1368 maehum:
449 1321 609 1370 ‘Mortalem
619 1322 691 1369 Deus
709 1322 830 1385 increpat
865 1333 942 1368 eursu
961 1319 1100 1382 praeceptis
1120 1319 1256 1382 sapientia
1277 1319 1394 1369 institue·

295 1394 458 1446 Quiritum
471 1394 639 1445 stabilitide.’
656 1396 732 1444 Idem.
865 1401 938 1456 reut;
964 1404 992 1444 et
1013 1397 1126 1446 instante
1147 1402 1241 1459 morte,
1264 1395 1394 1447 labantem

327 1469 421 1519 Puoss
431 1475 452 1518 l.
467 1469 671 1532 Visoestmulier]
687 1471 745 1518 Nou
760 1469 829 1518 absi·
866 1477 911 1522 aut
931 1478 1003 1522 certe
1022 1479 1157 1523 nutantem
1174 1473 1286 1522 animum
1302 1469 1394 1523 contra

295 1543 362 1591 milis
374 1551 415 1592 est
427 1543 592 1592 Prodicisnae
609 1543 712 1592 virtutis
724 1545 829 1608 pictura
866 1547 917 1595 sim
933 1546 1044 1598 fortuuae
1056 1555 1084 1598 et
1094 1547 1143 1599 fati
1154 1549 1338 1599 necessitatem
1348 1549 1393 1600 fir·

296 1617 830 1681 apudXenophontem'rlropvuporevpdm
865 1631 975 1674 marent.
994 1625 1082 1674 Vallis.

294 1691 341 1742 lib.
350 1707 383 1742 ιι.
401 1693 453 1743 Sed
462 1693 551 1744 eadem
561 1696 630 1757 apud
640 1693 828 1746 Pbiloueru'ex·
898 1701 979 1748 Oculis
993 1699 1142 1762 ardentibus]
1156 1699 1230 1763 Virg.
1242 1699 1340 1764 Georg.
1350 1715 1391 1751 ιι.

294 1769 590 1834 praenominatorum
597 1770 683 1836 πόρνης
690 1771 722 1822 εἰς
730 1772 760 1822 τὸ
769 1773 829 1838 ἱερὸν
865 1773 898 1824 de
909 1776 1023 1827 Proteo:
1034 1775 1182 1825 ‘Ardentes
1191 1775 1393 1826 oculosintorsit

292 1845 518 1912 μὴπροσδέχεςιθαι.
554 1849 688 1910 Recteque
705 1849 746 1897 bic
766 1849 828 1898 Phi·
863 1850 1080 1914 lumineglaucn'
1361 1902 1366 1908 ,

294 1923 411 1984 losoplria
421 1923 579 1973 consolatrix
588 1921 733 1983 inducitur;
749 1924 827 1987 ‘qun
892 1928 1170 1992 Oculisordestidmfflc.
1179 1928 1393 1990 otpaeiuexloasti

295 1998 338 2047 ubi
353 2007 460 2061 pectore
472 2004 578 2062 recepta
589 2006 631 2048 est
641 1998 780 2060 bominum,
790 2001 827 2050 iu·
862 2002 964 2066 uigoris]
981 2005 1012 2054 In
1025 2006 1155 2068 Panegyr.
1167 2005 1273 2054 Maxim.
1284 2014 1312 2053 et
1323 2005 1391 2055 Con·

295 2073 406 2123 honesto
417 2080 495 2139 atque
505 2075 587 2123 inutili
598 2073 692 2124 affectu
702 2074 828 2138 dispulso,
863 2087 942 2128 stant.
955 2080 1040 2130 dicto:
1058 2081 1114 2129 ‘Te
1126 2095 1189 2129 vero
1205 2081 1232 2128 in
1245 2095 1295 2146 quo
1306 2082 1390 2131 adbuc

294 2154 364 2198 totos
387 2150 414 2197 in
435 2149 517 2199 solido
541 2149 645 2199 virtutis
667 2151 827 2202 munimento
863 2153 920 2203 istae
941 2163 1003 2203 suut
1024 2157 1132 2218 integrae
1151 2156 1292 2219 solidaeque
1312 2156 1391 2218 uires,

294 2225 439 2289 confirmat,
457 2225 618 2288 potentiores
639 2232 711 2274 metu
730 2241 760 2276 nc
780 2228 826 2277 do·
863 2229 904 2279 bic
916 2230 995 2281 totius
1006 2232 1122 2296 corporis
1135 2231 1215 2295 uigor,
1229 2233 1270 2282 bic
1280 2233 1391 2295 impera·

294 2301 351 2350 lore
369 2300 488 2365 faciens,'
507 2302 591 2367 inquit
609 2303 668 2351 Val.
686 2303 761 2352 Max.
779 2302 825 2353 lib.
864 2307 944 2355 torius
966 2307 1044 2356 ardor
1065 2309 1206 2370 oculorum,
1226 2308 1388 2356 immaturum

293 2389 337 2425 ιιι.
366 2392 423 2441 cap.
444 2383 470 2428 3.
514 2378 665 2443 Philosophi
687 2379 755 2427 euim
785 2386 826 2429 est
863 2381 943 2431 otium
963 2396 1081 2446 sperasse
1103 2381 1240 2431 miramur.'
1273 2383 1308 2434 Q.
1325 2383 1390 2432 Cur·

293 2453 388 2502 mentis
405 2454 508 2504 morbos
528 2468 620 2503 curare
640 2463 718 2519 atque
736 2457 825 2519 'expel
863 2457 914 2506 tius
933 2457 980 2508 lib.
996 2470 1025 2507 x.
1042 2457 1076 2508 de
1092 2457 1241 2507 Alexandro
1259 2459 1389 2509 extincto:

293 2529 365 2578 lere:
384 2527 453 2593 ἔργον
460 2531 506 2594 γὰρ
515 2528 559 2592 ἕξει
569 2529 636 2579 οὐδὲν
643 2531 705 2580 ἄλλο
715 2531 731 2588 ἡ
743 2531 826 2581 ἑαυτόν
862 2532 916 2582 ‘Ut
924 2532 1028 2582 tandem
1039 2547 1132 2583 curare
1139 2547 1233 2597 corpus
1244 2535 1390 2604 exanimum

295 2621 324 2652 rr
335 2603 375 2653 uui
392 2604 447 2654 rods
465 2605 553 2655 ἄλλους
572 2605 604 2656 εἰς
621 2606 664 2654 τὸν
673 2605 736 2656 κατὰ
753 2605 825 2669 φύσιν
861 2609 948 2657 amieis
958 2609 1149 2670 vacaritnulla
1161 2609 1231 2669 tabe,
1242 2622 1275 2657 ue
1285 2608 1389 2657 minimo

292 2679 401 2743 ὀνθρόπφ
419 2680 568 2744 προσήκοντα
581 2681 634 2738 βίον
655 2683 823 2746 ἀποκαθαίρειν.
861 2682 965 2745 quidem
976 2683 1058 2731 livore
1069 2690 1220 2746 corruptum
1236 2683 1334 2747 videre,
1345 2684 1389 2748 qui

292 2755 368 2804 mande
377 2774 405 2805 τε
416 2754 509 2804 ederus
522 2755 589 2806 ἔσται
604 2755 731 2820 πατὴρκαὶ
741 2760 823 2807 sodo·
860 2758 1029 2809 intraverant.
1055 2759 1139 2822 Vigor
1150 2772 1263 2822 qnoque,
1273 2758 1318 2822 qui
1330 2772 1390 2808 cnu-

277 2830 382 2895 Ύνηὸι,
399 2831 520 2898 διορθιπήι
537 2851 564 2883 rs
582 2832 621 2882 uui
637 2831 770 2894 σύμβουλοι
784 2834 824 2884 καὶ
861 2839 914 2882 stat
926 2847 957 2882 ex
970 2833 1073 2897 spiritis,
1090 2847 1142 2882 uon
1161 2827 1316 2883 destituerat
1336 2835 1390 2884 vul·

293 2907 443 2969 κηδεμονικὸν
457 2911 530 2960 πᾶσιν
547 2908 630 2958 ἑαυτὸν
646 2907 764 2974 παρέχων,
783 2910 823 2962 stol
860 2913 932 2959 illuri
947 2909 1033 2961 Situm.

291 2985 403 3050 συνεργὸς
430 2985 462 3035 dv
481 2985 569 3036 scuris
593 2987 687 3047 ἀγαθοῦ.
709 2989 760 3036 τοῖς
779 2987 824 3048 μὲν
896 2987 1389 3051 ἰΠιιιοοιιιιιιιιιιιΙιοιιίιιιιιυιὶιιιιίαιι]

292 3059 431 3125 εὐημεροῦσι
449 3061 609 3123 συνηδόμενος,
625 3062 676 3112 rost
694 3060 719 3110 δὲ
735 3071 822 3112 unroc-
862 3061 931 3112 Plin.
943 3063 1027 3126 Epist.
1037 3063 1083 3113 lib.
1094 3078 1156 3114 ιιιι.
1172 3064 1222 3126 Ep.
1235 3066 1282 3114 ult.
1301 3065 1389 3113 ‘Lon-

290 3135 368 3196 μένοις
385 3143 581 3202 συνταλαιπωρῶν
593 3139 633 3188 καὶ
650 3141 822 3204 παραμυθούμε·
860 3151 944 3202 geone
956 3139 1082 3188 valentior
1093 3154 1165 3189 amor
1174 3139 1208 3188 nd
1221 3138 1388 3188 obtinendum

289 3212 432 3263 νοςαύτούς.
466 3215 624 3263 ‘Necenim
642 3215 712 3264 aliud
731 3232 822 3266 munus
860 3212 1023 3274 quodvelim
1053 3215 1152 3263 Noster
1162 3215 1206 3262 lib.
1215 3227 1259 3262 ιιι.
1271 3213 1388 3264 Prosatl.

290 3288 346 3351 ejus
358 3288 426 3349 erit‚'
439 3287 524 3353 iuquit
536 3290 684 3352 Simplicius
697 3292 723 3339 in
735 3293 822 3354 Epict.
860 3287 931 3336 ‘Sed
948 3287 998 3339 hoc
1016 3288 1092 3338 modo
1110 3304 1144 3338 ne
1161 3283 1317 3340 sufficientia
1332 3292 1389 3355 qui-

291 3363 425 3414 Encbirid.
436 3379 461 3414 c.
471 3378 552 3416 xxxi.
567 3365 662 3430 ‘quam
681 3373 708 3415 et
725 3382 781 3416 sese
794 3375 822 3419 et
859 3364 918 3413 dem
929 3366 1056 3429 contingit
1066 3367 1091 3415 el
1103 3380 1180 3429 quern
1192 3367 1305 3415 ualentia
1315 3367 1388 3416 dese·

291 3441 355 3489 alins
369 3443 407 3490 ita
418 3455 569 3506 repurgare,
585 3449 613 3490 ut
627 3442 707 3491 vitam
718 3452 821 3495 naturas
859 3440 912 3489 rit!
945 3442 981 3491 Et
1000 3443 1018 3491 Ι.
1038 3455 1076 3491 rv.
1100 3443 1182 3492 Prusa
1198 3446 1224 3492 2.
1247 3441 1256 3468 ‘
1272 3442 1387 3494 defuisse

290 3516 407 3564 humanas
430 3518 627 3568 convenientem
657 3528 746 3583 agant,
768 3536 821 3571 om.
860 3517 999 3566 valentium
1011 3518 1132 3567 dubitare
1140 3532 1190 3567 uon
1200 3516 1307 3581 possis:’
1318 3519 1387 3570 idem

291 3591 413 3653 niumquc
428 3593 568 3641 communis
581 3586 717 3657 pater'erit
728 3604 757 3646 et
768 3613 822 3660 pae·
861 3595 931 3642 valet
941 3595 1009 3658 quod
1023 3597 1031 3623 ‘
1045 3595 1174 3658 potentis*
1189 3593 1261 3658 ῥύμη.
1295 3596 1388 3647 Muna-

290 3666 416 3728 dagogus,
438 3674 467 3715 et
487 3676 628 3730 corrector,
651 3678 680 3720 et
700 3675 821 3723 consilia.
859 3684 900 3717 nae
914 3671 985 3718 urbia
995 3679 1100 3732 etymon
1117 3685 1180 3721 sane
1198 3673 1257 3724 binc
1267 3673 1387 3724 derivant

204 3786 206 3791 .
291 3744 355 3802 rius,
371 3755 451 3804 seque
467 3749 612 3791 curatorem
628 3747 755 3806 praebebit
766 3764 821 3798 osn-
858 3744 977 3792 Vetere&
1009 3745 1184 3799 Βθῑὶΰῦῦῦιθ»
1201 3751 1386 3815 ‘'diminuiti-

290 3818 371 3878 nium,
395 3824 422 3865 et
448 3816 553 3880 adjutor
574 3821 624 3868 erit
644 3823 726 3870 omnis
749 3823 819 3876 boni.
858 3818 916 3868 deri
944 3821 1026 3870 velint
1057 3824 1147 3875 Romae
1176 3827 1330 3876 vocabulum
1351 3827 1385 3877 sb

290 3893 519 3957 Cougratulabitur
531 3894 561 3943 iis
573 3895 665 3959 quibus
677 3912 718 3946 res
729 3914 820 3949 secun·
857 3899 980 3949 Evandro
996 3903 1105 3963 primum
1121 3911 1219 3962 natum,
1236 3918 1293 3952 cum
1310 3905 1385 3966 oppi-

290 3969 332 4016 dae
352 3978 422 4031 sunt,
438 3970 521 4020 sicem
543 3971 648 4022 dolebit
661 3974 820 4025 calamitoso·
857 3975 917 4023 dum
931 3975 968 4025 ibi
982 3975 1141 4040 offendisset,
1156 3978 1224 4041 quod
1236 3987 1384 4029 extructum

290 4048 658 4108 rum,eosqucconsolabitur!
676 4050 820 4102 Neealium
857 4057 936 4100 auten
961 4055 1107 4103 Valentiam
1132 4054 1236 4102 dixerat
1260 4054 1385 4116 juventus

287 4119 349 4168 olim
360 4120 394 4168 ob
414 4135 485 4168 risum
498 4123 655 4187 proceribus,
675 4134 704 4176 ut
721 4127 819 4178 Pericli
856 4128 965 4178 Latina:
978 4137 1130 4193 servatoque
1139 4127 1327 4192 significatione
1338 4133 1386 4181 im·

291 4193 469 4256 Auaxugoras,
480 4194 629 4249 Alexandro
640 4199 818 4265 Antisthenes,
856 4204 933 4266 positi
958 4207 1028 4268 prius
1048 4204 1166 4266 nominis,
1187 4203 1264 4266 ῥύμην
1288 4207 1383 4258 Gracc

291 4267 366 4331 Lysis
398 4269 586 4333 Pythagoram
622 4274 818 4342 Epaminonda,
856 4281 1002 4334 Valentiam
1023 4283 1214 4346 nuncupatam?
1250 4284 1300 4335 Adi
1324 4277 1398 4336 Fert
