3184 4959
505 411 764 485 cursuscursus
786 420 859 471 urs.
882 424 916 471 v.
1192 406 1258 479 393

163 566 276 631 Omne
305 565 394 630 enim
421 564 513 650 quod
542 565 768 648 cognoscitur,
792 584 859 630 uun
888 563 1069 629 secundnm
1094 564 1149 629 sui
1177 550 1265 645 rim,

162 666 224 731 sed
247 665 433 731 secundum
463 665 734 748 cognoscentium
759 666 874 750 potius
899 655 1187 747 comprehenditur
1206 668 1258 733 le·

162 765 347 833 cultatem!
396 764 486 830 Nem
518 773 557 830 nt
585 766 650 831 hoc
682 767 777 832 brevi
812 768 940 851 liqueat
974 766 1142 850 exemplo,
1177 787 1258 833 ean·

161 867 239 933 dem
267 866 420 949 corporis
446 866 684 944 rotunditatem
712 868 805 933 aliter
825 868 931 944 visus,
952 866 1050 931 aliter
1071 874 1184 935 tectus
1200 888 1258 951 ag·

160 967 298 1033 noscit!
349 966 411 1031 Ille
430 967 562 1031 eminus
591 986 741 1046 manens,
762 976 869 1035 totum
900 968 1000 1034 simul
1029 967 1134 1051 jnctts
1155 970 1257 1035 radiis

160 1068 325 1148 intuetu13
376 1067 432 1133 hic
467 1088 548 1133 vero
584 1070 757 1134 cohaerens
791 1070 874 1147 orbi,
911 1074 1012 1152 atque
1047 1067 1257 1152 conjunctus,

161 1170 254 1234 circa
267 1170 380 1252 ipsum
403 1176 516 1233 motus
530 1169 704 1245 ambitum,
732 1170 970 1235 rotunditatem
990 1170 1140 1254 partibus
1165 1190 1256 1236 com·

161 1269 350 1354 prehendit.
392 1270 513 1352 Ipsum
534 1288 668 1352 quoqne
689 1269 860 1333 hominem
883 1270 979 1335 aliter
999 1281 1142 1348 sensus*
1163 1272 1258 1337 aliter

161 1371 365 1454 imaginatio,
380 1370 480 1435 aliter
491 1370 592 1447 ratio,
606 1369 703 1434 aliter
720 1369 937 1451 intelligentia
950 1376 1130 1437 contuetur.
1175 1373 1256 1438 Sen-

162 1492 219 1537 sus
245 1472 335 1536 enirn
356 1469 495 1553 ligurem
516 1472 553 1535 in
573 1470 727 1554 subjectu
749 1473 888 1536 materia
901 1473 1127 1551 constitutam,
1142 1473 1257 1557 imagi·

161 1574 255 1638 natio
264 1580 293 1613 ¹⁰
327 1589 406 1638 vero
431 1572 540 1638 solam
560 1572 633 1637 sine
657 1571 800 1635 materia
809 1571 943 1655 judicat
961 1572 1108 1655 figurem.
1152 1573 1256 1641 Retio

162 1692 242 1740 vero
257 1673 345 1739 hunc
358 1692 496 1758 quoqne
510 1673 726 1749 transcendit,
736 1671 950 1755 speciemque
964 1673 1075 1754 ipsam
1096 1692 1172 1756 quoe
1187 1675 1256 1739 sin-

161 1774 332 1854 gularibus
352 1774 451 1850 inest,
476 1772 659 1837 universali
684 1771 947 1837 consideratione
973 1772 1156 1855 perpendit.
1201 1774 1255 1838 ln·

162 1874 352 1957 telligentiae
365 1893 443 1937 vero
457 1874 579 1937 celsior
594 1872 711 1937 oculus
732 1870 875 1937 existit!
917 1870 1142 1955 supergressa
1163 1891 1255 1939 nam-

161 1993 225 2056 que
237 1973 462 2039 universitatis
477 1974 650 2051 ambitum,
670 1974 783 2056 ipsam
805 1973 899 2039 illam
914 1973 1104 2056 simplicem
1115 1973 1255 2041 formum

159 2067 244 2157 pura
257 2076 377 2141 mentis
390 2077 464 2141 ucie
479 2081 663 2141 contuetur.
708 2075 748 2141 ln
770 2095 841 2159 quo
870 2074 952 2140 illud
974 2075 1120 2140 maxime
1142 2078 1254 2142 consi·

160 2175 339 2242 derendum
360 2184 431 2243 est:
467 2197 546 2241 uam
575 2177 756 2260 superior¹¹
790 2178 844 2241 vis
865 2176 1164 2259 comprehendendi
1186 2197 1255 2242 am-

159 2276 316 2358 plectitur
340 2277 543 2354 inleriorem:
587 2274 723 2341 inferior
749 2296 830 2347 vero
859 2276 902 2341 ad
931 2278 1136 2359 superiorem
1164 2278 1255 2341 nullo

159 2376 260 2440 modo
285 2380 461 2459 consurgit.
507 2377 629 2461 Neque
652 2379 742 2443 enim
765 2396 885 2442 sensus
911 2376 1041 2460 aliquid
1066 2384 1164 2441 extra
1184 2396 1254 2441 me·

159 2477 273 2540 teriam
287 2478 387 2554 valet,
402 2479 457 2544 vel
470 2479 677 2543 universales
705 2479 840 2562 species
861 2477 1058 2561 imaginatio
1073 2482 1254 2555 contuetur,

159 2579 213 2643 vel
225 2580 312 2642 ratio
327 2579 418 2663 capit
432 2579 618 2661 simplicem
643 2577 783 2644 formam
794 2598 817 2643 :t
838 2576 897 2643 sed
922 2576 1142 2659 intelligentia
1157 2577 1255 2660 qnasi

159 2682 303 2763 desuper
319 2686 492 2763 spectans,
506 2686 672 2763 concepte
686 2679 803 2760 forms,
828 2700 905 2766 quee
920 2680 1070 2757 subsunt,
1096 2681 1216 2743 cuncte
1228 2683 1254 2715 ¹²

157 2868 170 2903 ¹
187 2872 257 2928 (Μ
266 2872 421 2944 thtl'fm
437 2874 464 2923 t'tl
473 2888 519 2922 m
529 2876 561 2925 ud
575 2852 779 2938 autumemus,
796 2877 837 2925 red
848 2877 879 2924 od
891 2876 983 2924 modum
1000 2874 1080 2936 potius
1095 2870 1254 2945 mguosceutis

155 2937 311 2997 “mdiv-
373 2944 382 3013 ξ
400 2939 490 3013 Corpus
500 2942 624 3013 rotrudem
634 2940 687 2989 uisu
697 2941 790 3000 mm,
808 2944 874 2988 tectu
890 2953 992 3001 proeseur
1001 2938 1141 2987 sulmmoto
1149 2948 1253 2999 persepe·

157 3004 204 3048 ter.
271 2998 283 3033 ²
300 3000 463 3063 intelligentta
473 3002 595 3051 udlrurwr
602 3008 637 3051 cst
647 3005 801 3065 monendi
810 3004 899 3053 modus.

615 3125 799 3148 ΜΙΟΗ

157 3208 173 3254 9
189 3204 303 3255 Redeunt
318 3204 379 3254 edd.
396 3203 568 3255 endem-lt)
587 3207 755 3257 Constitutus.
771 3206 918 3269 Imaginatio
933 3204 993 3257 edd.
1010 3206 1181 3257 eedem-ll
1199 3206 1252 3257 Me.

157 3268 282 3319 Rittersh.
300 3268 499 3319 Comidmrdu
515 3274 561 3333 cst,
576 3272 638 3335 quoe
658 3272 838 3335 superea-12
855 3272 959 3321 Sulcum
974 3272 1046 3321 elem
1062 3277 1145 3322 cuncta
1156 3272 1251 3335 Delph.

156 3485 351 3552 cognoscendo,
365 3500 425 3537 cum
435 3490 522 3538 tumcn
531 3488 685 3553 accipienda
724 3490 842 3552 subjectu
853 3502 877 3537 r.
890 3501 914 3551 g.
926 3486 959 3535 de
978 3487 1069 3535 eodem
1085 3498 1193 3550 corpore
1210 3498 1251 3538 ro·

155 3564 192 3613 sit
210 3562 351 3612 secundnm
371 3570 492 3612 naturum
509 3565 604 3613 ruentis
623 3577 685 3627 cog·
724 3560 953 3620 tundo,differunt.
986 3560 1113 3611 Nirnlrum
1125 3561 1251 3611 meushu·

156 3637 302 3687 mutis:
328 3637 397 3686 sicut
413 3636 580 3702 Philosophia
589 3638 685 3702 prohat
723 3652 807 3701 muna,
816 3650 875 3702 qnte
885 3651 936 3686 non
947 3636 996 3685 uisi
1007 3636 1041 3684 uh
1048 3636 1106 3701 ¹ulio
1117 3635 1251 3687 informari

155 3714 268 3777 primum
294 3712 411 3776 pluribus
432 3714 568 3779 exemplis,
588 3712 684 3764 deinde
723 3718 822 3777 potest,
837 3710 935 3761 duobus
954 3712 1095 3774 generatim
1113 3711 1196 3761 modis
1213 3712 1251 3761 ln·

157 3790 268 3840 rctione.
723 3788 836 3840 formata
853 3790 992 3850 cognoscit,
1009 3786 1129 3836 nimirum
1147 3801 1162 3835 a
1180 3788 1249 3849 Deo,

188 3865 293 3914 ‘Aliter
307 3878 396 3929 mm,
414 3864 468 3929 tc]
491 3864 608 3917 Primum
627 3865 682 3931 qul·
722 3860 1054 3929 cojnsipruesteffecturn5
1071 3865 1251 3922 etucorpore,

156 3940 344 4003 demerempls
355 3941 475 3991 istasunt
486 3942 682 4004 seususspcciu·
722 3940 797 4004 cujus
814 3936 906 3989 cadem
927 3943 968 3985 est
988 3935 1079 3985 forma.
1110 3934 1187 3982 Mens
1203 3934 1250 3983 hu·

158 4018 214 4078 tim,
221 4030 310 4065 sensns
318 4016 469 4080 generatim,
475 4016 635 4079 imaginatio,
642 4030 683 4065 rn—
721 4030 797 4065 mans
809 4030 824 4063 n
834 4014 893 4063 Deo
907 4010 1048 4061 informata
1065 4022 1154 4058 rursus
1164 4008 1248 4073 dupli·

156 4092 204 4155 tio,
223 4096 252 4143 et
261 4092 454 4154 *intelligentia
470 4106 529 4157 quae
545 4092 583 4140 ita
599 4092 683 4155 accipi
721 4090 787 4140 citer
802 4084 899 4137 dicitur
915 4096 1080 4147 cognoscere,
1091 4095 1184 4147 nempe
1196 4084 1247 4147 pri·

156 4166 300 4218 ueumter
310 4175 386 4232 perte
401 4168 482 4232 ipsius
498 4168 684 4232 cognoscentis,
721 4160 971 4227 ma,etcontinusta
989 4158 1149 4211 attentiones
1165 4159 1247 4222 prims

156 4249 188 4295 ut
206 4243 323 4311 qemun
343 4243 396 4295 siut
414 4243 448 4295 de
468 4240 559 4294 edem
573 4242 683 4294 materis
720 4236 832 4293 secutio
844 4230 1172 4300 rocetur‘intclligentinz'
1186 4248 1247 4287 con·
