3184 4959
335 413 489 462 nonsart
514 413 563 462 ns
587 413 742 484 consen,
767 391 990 458 ruinosoen.
1013 408 1085 456 urs.
1110 408 1135 456 1.
1221 391 1287 458 427

184 563 240 608 tum
252 557 279 607 in
288 559 475 608 RomaaBens.
753 552 794 603 καί
805 551 835 601 σθ
845 555 917 614 θεῖον,
933 553 941 580 ‘
956 550 1133 614 intelligibilis
1152 550 1286 615 ipsamque

219 635 360 684 inexhausti
385 633 489 696 αίςοσίσ]
522 633 652 683 Ausonius
683 631 717 680 ad
755 629 935 681 divinitatem'
951 629 1091 691 intelligat.
1123 628 1288 684 illaverolr

184 710 338 762 Paulinum:
352 710 360 738 ‘
374 711 474 760 Nostra
492 714 614 759 senectus
626 709 718 757 Servat
752 708 788 767 τῷ
802 707 885 770 πρᾶξαι
903 704 935 754 τὰ
951 701 1138 767 θααγοροοίμονα
1154 703 1286 753 &coini-

184 786 377 849 inexhaustum,
400 786 450 836 tihi
471 783 629 849 gratificata,
646 784 717 846 vigo·
753 799 807 843 pou,
816 787 824 809 ⁴
834 783 859 830 in
873 782 904 830 iis
916 781 995 829 rebus
1007 781 1126 842 agendis,
1139 793 1202 842 quas
1212 787 1287 829 recta

186 867 257 912 reru!
277 864 365 914 Silam.
754 863 821 912 ratio
833 859 996 926 praescribi&
1014 859 1289 920 hocest,inexercita·

218 939 321 988 Pulscre
336 941 418 988 σσίιιια
433 938 519 988 meni
537 937 633 988 enticis
650 951 717 986 cocu·
755 938 826 987 tione
846 938 979 986 virtutum.
1012 936 1089 985 Unde
1106 935 1242 986 Hierocles
1260 935 1288 984 in

184 1014 247 1062 misc
264 1013 399 1078 videbator]
418 1015 513 1065 Horat.
530 1027 549 1063 1.
566 1013 653 1062 Carni.
665 1011 718 1063 od.
755 1013 930 1076 Carm.Pyth.
941 1010 1042 1072 scribit,
1052 1009 1111 1060 ὀτι
1126 1010 1142 1070 ἡ
1160 1009 1288 1075 phapen-

186 1094 210 1138 1.
228 1089 323 1142 ‘Quod
337 1091 359 1138 si
371 1105 412 1140 me
424 1089 524 1154 Lyricis
535 1088 638 1137 vatibus
650 1087 717 1136 inse·
754 1089 809 1147 σικθη
819 1087 950 1151 φιλοσοφία
967 1087 1005 1136 διὰ
1021 1089 1065 1144 τῆς
1081 1089 1128 1135 τῶν
1144 1087 1230 1150 apaan
1245 1086 1289 1149 φί-

185 1165 222 1215 ris
244 1166 353 1215 Sublimi
376 1164 469 1214 feriam
492 1164 579 1213 sidera
600 1160 718 1212 vertice!
755 1182 815 1214 σεας
838 1163 955 1228 mperes
976 1162 1066 1224 ἀγαθὸν
1086 1162 1249 1212 θσοσελεῖσαι.
1273 1161 1290 1221 ἥ

186 1243 316 1292 Martialis
337 1242 457 1291 lih.v1u.
482 1240 559 1303 Epig.
574 1243 615 1289 θθ.
632 1238 641 1265 ‘
651 1237 719 1288 Haec
756 1239 782 1290 tl
800 1241 925 1305 θεαφηοοιὴ
942 1239 974 1290 είς
992 1237 1117 1299 omitum
1135 1239 1196 1288 Θεοῦ
1210 1237 1289 1288 καθίσ-

186 1316 306 1382 Augnste
327 1324 424 1375 tamen,
439 1330 496 1380 qnae
514 1314 613 1364 rerhce
633 1313 720 1364 sidera
755 1331 812 1375 τηαι
828 1318 869 1365 νοῦ
883 1316 923 1365 καὶ
940 1313 1051 1375 ἀληθείας
1062 1313 1185 1378 ἐλλάμψει,
1206 1316 1215 1344 ⁴
1233 1315 1289 1378 phi·

186 1394 284 1457 pulsat,
300 1393 354 1442 Par
366 1392 455 1441 domos
468 1396 510 1440 est
525 1390 600 1450 caelo,
615 1388 660 1438 sed
672 1389 719 1438 tai-
755 1391 908 1456 losophiam,
923 1408 981 1456 qnae
998 1397 1116 1440 versatur
1135 1392 1163 1440 in
1179 1391 1290 1454 agendo,

186 1483 234 1518 nor
245 1475 287 1521 est
297 1466 427 1517 Domino!
444 1467 522 1516 Idem.
757 1468 882 1517 virtutum
905 1467 931 1515 ri
954 1467 1081 1516 hominene
1103 1466 1213 1530 prohnnr
1236 1464 1291 1514 effi-

219 1545 315 1593 Hcram
325 1543 352 1592 iss
368 1547 474 1592 extrem
484 1540 595 1602 margine
606 1558 633 1601 π,
643 1539 670 1590 ie
680 1554 719 1590 se·
756 1557 832 1592 cere:
848 1558 906 1607 qna
928 1549 1015 1592 antem
1031 1543 1058 1590 in
1078 1541 1289 1604 contemplando,

187 1636 268 1684 prenso
278 1637 332 1670 cero
343 1625 357 1668 θ
367 1618 489 1682 legebatur
500 1615 630 1678 intextum]
641 1617 720 1665 Ptnc·
757 1618 931 1667 illustratione
953 1617 1049 1667 mentis
1072 1625 1151 1681 atque
1172 1617 1291 1666 veritatis

187 1697 268 1748 ticam
274 1693 596 1759 iutelligitPhilosophiam
605 1698 634 1741 et
640 1692 721 1740 Theo·
757 1696 817 1745 Deo
828 1695 937 1745 similem
948 1694 1077 1744 reddere!
1112 1696 1182 1745 Hinc
1194 1694 1290 1755 eidem,

188 1773 279 1826 sicana.
312 1773 353 1820 De
370 1777 477 1833 utraque
496 1769 556 1818 vide
572 1770 605 1818 Β.
619 1768 720 1832 Augus·
757 1769 788 1818 iit
799 1767 875 1819 horno
885 1771 996 1830 primum
1015 1768 1290 1831 aposcopeuonta.

187 1849 237 1898 tin.
259 1851 279 1898 l.
299 1848 409 1897 eunde
432 1847 510 1896 Civit.
531 1846 596 1905 Dei,
613 1860 673 1909 cap.
695 1849 721 1894 4.
758 1845 844 1896 Quam
861 1845 982 1894 Platonis
1002 1845 1160 1895 sententiam
1181 1843 1291 1908 exponit

188 1921 266 1972 Illarn
285 1924 293 1951 ‘
309 1921 449 1984 Aetium:
465 1923 531 1970 hanc
552 1928 559 1949 ⁴
576 1922 721 1986 Speculati-
758 1927 813 1970 turn
833 1921 902 1970 idem
918 1921 1055 1970 Hierocles
1075 1921 1199 1984 prooemio
1218 1920 1290 1970 aurei

188 1998 262 2048 vam?
281 2005 359 2047 vocat
378 1996 555 2060 Cassiodorus,
575 2009 596 2046 1.
617 1997 721 2046 variar.
757 1998 948 2061 commentarii,
972 2005 1027 2046 tum
1047 1996 1173 2046 Alcinous
1192 1995 1291 2057 οίσαηοο·

188 2077 274 2140 Epist.
285 2081 326 2126 so.
352 2074 437 2125 Aliter
447 2090 510 2124 vero
520 2074 563 2123 alii
574 2073 618 2139 (ut
627 2074 721 2123 Cicero
757 2077 803 2137 γῆς
825 2091 883 2138 cap.
903 2080 929 2124 2.
968 2074 1041 2124 Nihil
1064 2075 1132 2123 enim
1163 2073 1213 2123 hoc
1233 2079 1290 2122 toto

188 2157 218 2200 ct
236 2151 376 2216 Apuleius)
392 2150 588 2215 Philosophiam
603 2151 722 2214 partion-
758 2166 838 2214 opere
857 2151 927 2200 alind
946 2149 1003 2199 fere
1019 2149 1126 2199 Boiitius
1138 2163 1214 2214 qnam
1225 2156 1290 2198 Πλα·

188 2231 239 2276 tur.
273 2228 313 2276 Ex
332 2226 425 2291 quihus
438 2225 531 2274 Cicero
543 2224 588 2274 lib.
600 2239 620 2276 t.
637 2224 721 2276 Aond.
758 2224 865 2291 spelte:
877 2240 1030 2290 quamquam
1042 2239 1074 2274 ea
1084 2240 1187 2289 qnoque
1198 2225 1291 2274 divisio

189 2302 290 2353 Quaest.
301 2303 338 2351 sic
350 2301 400 2350 ait:
419 2302 427 2329 ‘
440 2300 501 2350 Fuit
514 2301 570 2364 jam
581 2313 599 2349 a
608 2300 720 2350 Platone
759 2303 913 2352 Aristotelis
924 2304 958 2352 sit
970 2317 1002 2354 ac
1012 2302 1196 2364 Theophrasti,
1206 2309 1236 2350 ut
1247 2316 1292 2350 ex·

189 2383 300 2440 accepta
310 2375 510 2440 philosophandi
529 2375 595 2424 ratio
616 2375 720 2438 triplex.
759 2380 835 2444 ponit
851 2379 1009 2429 Plutarchus
1024 2377 1148 2441 prooensio
1165 2377 1209 2426 lib.
1220 2388 1240 2425 1.
1256 2375 1291 2426 de

143 2480 148 2488 »
190 2446 250 2502 Una
266 2453 301 2501 de
320 2453 374 2501 vita
392 2459 420 2502 et
438 2451 567 2500 moribus:
586 2451 669 2500 altera
688 2451 721 2501 de
759 2455 850 2520 placit.
871 2455 1042 2518 philosophos.
1064 2460 1092 2502 et
1115 2458 1202 2502 noster
1223 2452 1291 2501 Boii-

190 2534 283 2578 naturs
301 2535 328 2576 et
345 2527 422 2577 rebus
441 2527 569 2576 occultis:
587 2526 666 2576 tertia
687 2527 722 2576 de
760 2532 814 2582 tius
824 2530 986 2581 Praiatione
999 2530 1025 2579 in
1037 2529 1178 2594 Porphyrii
1191 2527 1292 2590 εἰσαγα-

189 2603 350 2668 disserendo,
366 2610 394 2652 et
413 2603 476 2668 quid
500 2607 641 2657 veninat
659 2602 721 2666 qnid
759 2607 808 2670 pipp
818 2606 977 2657 doctissima.
998 2605 1087 2655 Vallia.

190 2677 293 2742 falsum,
308 2679 370 2744 quid
382 2687 482 2729 rectum
492 2679 520 2727 in
532 2677 651 2728 oratione
663 2693 722 2742 pra·
795 2684 894 2733 Gradus
904 2682 1012 2748 quidun]
1028 2683 1080 2731 Eos
1092 2687 1211 2731 recenset
1222 2680 1291 2732 idem

190 2770 293 2819 rumve,
310 2755 372 2820 quid
394 2755 569 2819 consentiens,
598 2755 659 2819 quid
682 2769 723 2828 rt·
762 2759 899 2810 Hierocles
911 2759 1096 2808 commentario
1109 2758 1153 2807 illo
1169 2771 1247 2807 suren
1264 2758 1292 2806 in

190 2846 316 2895 pugnans,
329 2830 490 2895 judicando?
518 2833 554 2880 Et
563 2832 633 2880 Mem
644 2831 686 2882 lib.
697 2846 724 2880 v·
761 2836 906 2900 Pythagor.
924 2850 1004 2884 aurea
1023 2837 1154 2898 carmina;
1173 2851 1205 2886 ea
1224 2852 1292 2900 prse-

190 2907 296 2957 Tnscul.
316 2907 418 2958 Qirsest.
438 2906 483 2956 nbi
503 2907 634 2970 triplicem
656 2906 724 2955 hunc
763 2912 854 2960 sertim
862 2925 971 2974 quornm
982 2911 1085 2959 initium
1096 2918 1154 2960 est:
1166 2911 1237 2968 uit
1249 2910 1293 2959 ία-

191 2983 269 3032 snimi
292 2982 386 3032 foetum
406 2982 443 3030 ait
463 2982 592 3031 existere:
616 2995 723 3047 qnorum
763 3002 805 3034 νον
819 2987 957 3046 μαλακοῖσιν
972 2985 1009 3032 θα)
1020 2985 1105 3046 ὄμμασι
1115 2984 1295 3048 προσδέξασθαι.

190 3058 199 3086 ⁴
211 3057 292 3107 nnus'
311 3058 347 3106 sit
365 3058 372 3084 ‘
385 3057 411 3104 in
424 3059 572 3120 cognitione
582 3073 666 3107 rerum
679 3073 725 3122 po·
763 3060 1294 3122 Qiiibosverogradibnschristianiadss·

191 3134 257 3182 situs
270 3141 298 3180 et
310 3133 336 3180 in
348 3132 523 3195 explicatione
533 3138 645 3184 natura:
658 3135 726 3182 alter
763 3136 900 3198 pientiam,
911 3137 958 3184 hoc
970 3142 1019 3198 est,
1034 3136 1067 3186 sd
1079 3138 1165 3188 Deum
1177 3147 1293 3191 contem-

191 3210 217 3258 in
227 3209 406 3272 descriptione
414 3203 617 3274 expetendarum
625 3207 726 3273 fugien-
763 3209 903 3273 plandunt,¹
917 3211 1079 3274 perveniant,
1096 3213 1173 3264 docet
1194 3217 1228 3267 D.
1239 3215 1294 3266 Au-

192 3286 318 3336 daromae
329 3300 433 3336 reruni:
452 3287 545 3337 tertius
563 3286 589 3335 in
605 3286 725 3350 judican·
764 3288 885 3351 pristinas
905 3287 951 3336 lib.
963 3301 997 3337 u.
1014 3288 1049 3338 de
1065 3289 1184 3341 doctrina
1198 3294 1293 3345 Christ.

193 3362 237 3422 do,
254 3363 317 3427 quid
338 3362 432 3428 cuique
451 3361 490 3412 rei
507 3362 540 3412 ait
557 3375 726 3427 consequens,
763 3366 895 3424 cap.7.et
906 3361 1245 3428 tib.1v.de'rrtnit.cap.1.
1256 3367 1295 3416 lo.

190 3437 255 3501 qnid
272 3451 435 3502 repugnans3
452 3437 540 3501 inquo
559 3437 627 3486 inest
643 3437 725 3487 omnis
795 3438 911 3487 Politiccs
927 3439 1023 3500 Mases]
1040 3440 1112 3490 Quas
1130 3439 1296 3504 Philosophia

193 3521 249 3564 turn
261 3514 393 3564 subtilitas
409 3513 563 3576 disserendi,
581 3521 636 3563 tum
658 3513 725 3562 veri·
764 3526 779 3560 e
798 3519 943 3576 conspectu
962 3527 1007 3562 suo
1023 3511 1106 3577 fugat,
1123 3514 1193 3579 quia,
1210 3522 1240 3565 nt
1256 3515 1295 3565 in·

195 3596 236 3639 tas
252 3589 407 3654 judicandi?
425 3591 500 3640 Idem.
764 3587 822 3652 quit
834 3587 913 3637 Plato
926 3588 971 3638 lib.
982 3602 1011 3637 x.
1028 3588 1063 3639 de
1074 3587 1139 3655 Rip.
1155 3589 1297 3653 σαλαιθμέν

229 3673 259 3715 Π.
271 3667 312 3728 0.]
328 3665 465 3729 Designari
473 3665 512 3715 his
520 3666 655 3716 elementis
664 3665 726 3715 Phi·
764 3681 802 3714 ris
820 3662 918 3727 incepi
933 3663 1105 3730 praecepisse
1123 3665 1162 3716 καί
1179 3669 1296 3734 ποιητικῇ,

195 3741 338 3806 losophiatn
367 3739 496 3806 πρακτικὴν
514 3741 554 3791 καί
580 3741 725 3808 troppis-hs,
764 3741 859 3791 ‘vetus
875 3746 916 3789 est
936 3741 1112 3804 Philosophia
1129 3749 1157 3791 et
1172 3743 1295 3793 Poiiticea

194 3817 724 3879 ‘activanetcontenplativam’certum
765 3815 911 3867 dissensio.'
946 3815 1023 3868 Quod
1034 3817 1153 3865 nimirnrn
1164 3817 1254 3866 Polites
1268 3818 1297 3866 in

110 3958 118 3968 ἱ
194 3900 246 3943 est.
281 3893 560 3955 Haeeenimestspnd
575 3893 726 3943 Platonicos
765 3894 900 3943 niovendis
919 3892 951 3942 ad
977 3893 1138 3955 voluptatem
1160 3889 1297 3942 affectibus

193 3969 275 4026 totius
285 3976 342 4020 tnui
354 3971 424 4031 vitre,
444 3975 497 4016 inm
510 3968 677 4032 philosophiae
690 3971 726 4018 di·
766 3971 814 4020 toti
825 3969 883 4019 fere
895 3969 958 4031 sint,
967 3982 1031 4032 quos
1043 3972 1121 4014 recte
1134 3965 1227 4015 rationi
1237 3968 1297 4017 soh-

194 4044 271 4106 visio,
286 4059 364 4110 quam
375 4052 511 4108 utramque
523 4045 566 4108 qui
578 4047 726 4108 complecti·
760 4046 845 4108 jicere
868 4042 1037 4108 philosophia
1059 4041 1219 4104 precipuum
1242 4041 1297 4093 offi-

195 4125 250 4182 tnr,
266 4120 520 4186 isdemnmsapiens
537 4127 584 4170 est.
617 4122 684 4171 Haec
702 4123 727 4173 ἐν
765 4122 896 4170 ciumest.
930 4119 1023 4181 Neque
1034 4117 1084 4165 alia
1097 4115 1131 4166 de
1141 4131 1219 4168 cansa
1230 4119 1297 4169 Poi-

196 4197 230 4261 τῇ
252 4195 337 4258 γνώσει
351 4200 394 4257 τῆς
412 4195 529 4259 ἀληθείας,
545 4196 590 4245 ‘in
607 4198 726 4246 veritatis
766 4195 813 4245 sim
825 4211 839 4244 e
849 4209 896 4244 sua
904 4192 1011 4263 civitate
1018 4191 1094 4255 pellit
1102 4191 1198 4242 ibidem
1205 4195 1296 4258 Plato,

198 4272 366 4337 cognitione,
384 4281 509 4336 venatur,
527 4272 594 4336 qnod
608 4270 640 4321 rh
656 4273 728 4332 νοητὰ
769 4272 806 4322 ait
826 4270 911 4335 enim,
921 4266 941 4318 εί
961 4265 1045 4328 δὲτὴν
1062 4266 1192 4330 ἡδυσμένην
1209 4272 1299 4332 μοῦσαν
