3184 4959
289 414 354 482 600
511 471 515 477 .
624 429 734 480 norm
759 429 958 479 venrounu
984 427 1023 477 m

286 573 359 634 Pup.
379 574 479 624 ratione.
501 573 571 638 quod
591 573 645 623 Del
662 573 738 623 solius
757 579 813 624 est:
850 570 883 620 do
892 570 1001 620 similem
1012 571 1238 633 debetprodueere
1246 571 1378 624 muudum·

288 647 420 710 ‘quippe,'
437 650 474 699 sit
492 651 666 699 Tertullianus
680 648 714 696 de
726 648 813 697 Poeni·
851 645 892 694 Da
902 661 954 709 qno
971 648 1058 696 dicere
1070 647 1094 696 ei
1106 648 1192 709 liceat,
1206 648 1280 696 Mem
1292 656 1379 702 exstat

288 722 378 783 tentia,
397 724 454 772 ‘res
476 726 529 774 Dei
551 726 644 774 Ratio:
663 724 722 788 quia
740 725 812 771 Dens
850 720 978 771 bicorbis.
1007 723 1172 770 Noetautum
1180 727 1296 770 statuens
1306 737 1378 772 mnn-

285 799 397 846 omnium
414 800 541 862 conditor,
563 801 626 848 nibil
642 814 692 848 nou
711 800 812 848 ratione
850 795 919 856 dnm,
935 797 972 845 sic
991 797 1072 856 dicet,
1088 798 1142 846 Hic
1162 811 1177 846 a
1194 811 1235 846 me
1251 799 1378 846 Conditus

286 874 408 937 providit,
427 875 564 938 disposuit,
582 876 729 925 ordinaritz
749 874 813 923 nibil
850 881 899 935 est,
910 875 954 923 sed
966 874 1376 936 opussimuliuoolatipsesnnm:

286 959 337 994 non
349 950 449 999 ratione
465 953 571 1000 tractari
590 950 751 1013 intelligique
768 963 812 997 ro·
850 953 885 1000 Et
897 957 959 1000 tunc
976 952 1059 999 Facta
1069 949 1146 999 tidem
1158 949 1267 1009 facient,
1277 955 1377 998 cerium

285 1021 352 1071 luit!
382 1025 417 1074 Et
429 1025 514 1086 Philo,
525 1027 608 1074 omnia
618 1023 813 1088 millesimi
849 1027 899 1091 ipsi
912 1042 1005 1077 nirmen
1017 1027 1119 1076 inesse!
1151 1027 1244 1090 Neque
1256 1026 1378 1074 omitten-

285 1099 328 1146 τοῦ
345 1100 507 1164 πμεσβνσόσοο
526 1101 601 1162 λόγον
621 1100 698 1162 mm,
721 1101 812 1163 ‘regit
848 1103 882 1152 da
892 1104 1047 1166 pulcerrime
1058 1102 1166 1151 Minucii
1179 1103 1273 1151 Felicis
1285 1102 1380 1150 nerbas

286 1173 368 1233 Deus,
380 1178 423 1238 qui
435 1177 539 1225 rationis
548 1176 605 1226 tons
616 1176 813 1240 estantiquissi·
849 1179 957 1227 ‘Palem
975 1178 1035 1239 eat,’
1048 1179 1141 1242 iuquit,
1157 1180 1309 1240 ‘parentem
1327 1191 1380 1225 om·

286 1249 361 1298 mus)
382 1251 470 1300 Vallis.
849 1253 919 1302 nium
929 1255 1024 1315 Deum,
1042 1267 1091 1302 nec
1103 1252 1257 1316 principium
1270 1252 1378 1310 habere,

318 1325 393 1387 Oqui
409 1331 520 1389 perpetes
533 1328 644 1376 mundum
661 1325 753 1375 ratim
765 1339 812 1385 gu·
848 1341 897 1376 nec
909 1327 1117 1390 terminumrqni
1126 1326 1289 1374 nativitatem
1299 1326 1381 1374 omni·

282 1398 377 1462 lum]
390 1402 511 1451 Manilius
524 1404 567 1453 lib.
578 1416 597 1450 ι.
611 1402 716 1452 Astron.
739 1402 812 1450 ‘De-
848 1401 895 1451 bus
907 1409 1024 1466 praestet,
1037 1402 1084 1451 sibi
1098 1399 1315 1464 perpetuitatem:
1333 1401 1378 1465 qui

285 1474 390 1534 prendit
412 1475 499 1524 tacitis
525 1475 685 1524 dominantia
710 1474 812 1538 legibus
848 1483 909 1526 ante
931 1479 1054 1528 mundum
1077 1478 1126 1527 sibi
1146 1476 1226 1525 fuerit
1251 1476 1311 1539 ipse
1329 1489 1378 1539 pro

283 1556 355 1597 astra
364 1551 399 1598 Et
415 1556 496 1599 totum
516 1556 614 1600 aeterna
631 1549 754 1600 mundum
771 1564 813 1598 ra·
848 1553 1378 1616 maudo,qutuniversaqueeunquesnut‚

284 1623 355 1674 tione
375 1624 491 1674 moseri!
529 1625 683 1677 Lactantius
704 1627 748 1674 De
768 1625 813 1672 Ira
850 1627 928 1675 verbo
932 1626 1020 1690 jubet,
1028 1625 1380 1690 rationedispeusatvirtute

284 1697 345 1757 Dei,
355 1712 414 1762 cap.
424 1705 449 1750 o.
464 1700 544 1750 ‘Cum
556 1699 693 1749 sententiae
702 1698 813 1762 pbiloso·
850 1701 1026 1760 cousnmmet‚’
1036 1704 1086 1750 dre.
1103 1701 1191 1749 Situm.

283 1772 390 1836 pisorum
412 1775 506 1838 prioris
525 1776 650 1838 temporit
668 1775 813 1823 consensis·
884 1775 1132 1836 Quitempusnboeso
1143 1773 1270 1837 tralatu]
1295 1774 1379 1823 AEter·

285 1855 354 1906 sent,
372 1863 420 1898 uec
436 1841 489 1898 'ralla
505 1857 576 1898 esset
593 1849 731 1908 dubitatio,
751 1849 813 1911 quin
849 1849 1066 1911 uites,soliDeo:
1081 1849 1381 1911 AEvum,mundo,coelo,

284 1920 399 1971 Mundae
419 1938 434 1972 a
453 1925 508 1973 Deo
527 1930 556 1971 et
573 1923 674 1972 ratione
689 1929 758 1971 esset
774 1923 812 1971 in·
849 1924 1033 1973 Damonibus:
1046 1925 1169 1986 Tempus,
1177 1924 1254 1973 rebus
1262 1923 1332 1972 bisce
1341 1923 1380 1972 in·

284 2003 407 2054 etractus,
426 2005 455 2046 et
471 1998 571 2046 ratione
592 2001 740 2058 regereturt
759 1997 812 2059 pri·
850 1997 987 2048 ferioribus
998 1999 1166 2048 mutabilibus
1177 1997 1311 2060 competit.
1337 1991 1378 2046 'AE-

283 2073 462 2120 musomuium
474 2073 629 2132 Protagoras
637 2071 812 2122 exstitittem·
850 2073 958 2122 ternitas
977 2073 1093 2137 ingenita
1107 2068 1169 2122 'tota
1185 2074 1260 2121 simol
1279 2086 1381 2134 perma-

284 2145 390 2208 pdtibns
400 2146 525 2207 Socratis,
535 2147 579 2210 quii
591 2146 640 2195 sibi
651 2145 752 2195 diceret
758 2161 812 2196 non
849 2153 912 2195 net:
928 2162 1011 2196 aevum
1023 2160 1107 2211 ueque
1122 2147 1276 2209 ingenitum,
1293 2161 1379 2210 neque

282 2220 390 2284 liquere,
401 2227 485 2271 utrum
495 2229 566 2270 esset
582 2221 669 2285 aliqua
679 2220 811 2283 divinitas,
849 2221 924 2271 simui
936 2228 1028 2284 totum,
1036 2236 1086 2270 uon
1096 2222 1165 2270 enim
1173 2225 1379 2284 eratautequam

283 2307 377 2344 necne.
410 2296 475 2346 Que
498 2294 645 2358 disputatio
666 2296 723 2359 ejus
744 2296 812 2348 adeo
848 2295 1080 2359 fieret,permanet
1092 2303 1193 2346 tamen:
1207 2302 1380 2358 tempusvero

283 2370 363 2432 impia
373 2376 402 2420 et
412 2378 504 2423 eontra
514 2374 652 2422 veritatem
669 2379 697 2421 et
710 2373 813 2435 religio·
849 2384 934 2435 neque
945 2371 1087 2434 ingenitum
1100 2378 1150 2432 est,
1161 2384 1245 2436 neque
1255 2377 1337 2418 totunm
1349 2369 1381 2418 si·

283 2459 343 2493 neni
350 2445 471 2508 judicata
487 2453 539 2508 est,
557 2455 586 2496 nt
597 2452 626 2497 et
635 2447 720 2510 ipsum
731 2446 814 2497 Atlio·
850 2447 903 2496 mni
919 2451 968 2509 est,
986 2459 1070 2510 neque
1090 2453 1239 2508 permanet,
1255 2445 1302 2495 sed
1319 2458 1380 2494 con·

283 2519 387 2570 aienses
398 2523 546 2584 expulerint
555 2523 609 2570 suis
620 2521 724 2582 linibus,
739 2528 768 2572 et
784 2523 813 2570 li·
850 2521 923 2570 tinuo
943 2520 1048 2570 labitur.
1080 2521 1128 2569 Est
1140 2527 1224 2569 tamen
1238 2527 1340 2583 tempus
1352 2525 1382 2569 et

282 2594 344 2648 bros
365 2596 421 2658 ejus
446 2597 473 2646 iu
491 2597 625 2658 concione,
643 2595 736 2660 quibus
756 2598 813 2646 iniec
850 2595 1005 2645 aternitatis
1016 2600 1044 2643 et
1055 2595 1103 2643 aevi
1115 2595 1231 2658 quiedam
1244 2597 1335 2659 lunago,
1350 2600 1381 2644 ut

283 2673 494 2733 continebantur,
503 2671 668 2722 exusserint:
684 2671 772 2720 Silam.
849 2669 932 2733 inquit
943 2669 1021 2718 Plato
1033 2669 1058 2716 in
1069 2669 1183 2718 Timaeus
1200 2684 1253 2718 uon
1263 2672 1330 2734 quod
1342 2670 1382 2719 illi

318 2746 444 2794 renuam
460 2747 554 2807 eoeliqse
570 2743 647 2806 sutor]
663 2744 763 2807 Sibylla
777 2747 812 2794 Ε-
850 2745 1011 2806 preteritum
1029 2757 1143 2805 praeseus
1159 2745 1202 2806 sit,
1215 2747 1380 2808 qrremedmo·

284 2820 484 2882 rytlsraea,spnd
491 2820 609 2870 Lactaut.
616 2819 683 2869 libro
694 2833 712 2869 ι.
724 2820 812 2868 Diria.
849 2817 908 2865 dnm
922 2824 1021 2866 aeterno
1039 2819 1114 2878 Deo,
1131 2831 1181 2867 non
1201 2820 1269 2881 qisod
1288 2821 1322 2869 sit
1342 2822 1381 2870 illi

285 2894 372 2943 Instit.
381 2893 459 2943 Ἀλλὰ
468 2894 519 2944 θεός
533 2894 603 2956 μόνος
620 2891 653 2944 sir
666 2892 812 2957 πανυπέρτα-
849 2907 964 2957 praeseus
976 2909 1138 2957 permaneus,
1148 2904 1176 2944 ut
1189 2895 1293 2956 mimda,
1303 2897 1381 2956 cralo,

283 2988 335 3030 ror,
350 2969 377 3019 ts
393 2970 517 3028 πεποίηκεν
532 2970 635 3034 utpote
648 2968 813 3028 ἡόλιόντεκαὶ
849 2970 943 3031 beatis,
954 2972 1062 3033 angelis,
1080 2972 1125 3020 sed
1138 2973 1206 3035 qriod
1219 2973 1252 3021 sit
1264 2973 1300 3020 illi
1313 2987 1380 3036 prae·

285 3043 387 3108 όστέμαο
396 3043 437 3102 ἠδὲ
454 3044 566 3106 σελήνην,
577 3043 731 3108 Καμιοφόμον
741 3043 813 3105 poids
850 3060 907 3096 sens
918 3045 1007 3095 fluens.
1026 3046 1128 3095 Idcirco
1138 3048 1217 3095 Plato
1229 3055 1304 3096 vocat
1316 3057 1380 3097 tem·

284 3138 312 3170 re
328 3119 368 3168 sul
390 3119 473 3169 umas
493 3121 592 3180 οόόμασα
611 3118 707 3170 πόντον.
742 3120 813 3170 Hinc
850 3119 1162 3184 permovendorum
1175 3121 1209 3170 ot
1226 3123 1278 3171 κατ’
1289 3122 1380 3186 ἀριθμόν

284 3194 390 3257 propria
403 3195 455 3242 Dei
468 3195 523 3242 neri
534 3201 596 3244 uota
613 3200 656 3243 est
665 3208 730 3256 opus
741 3208 813 3243 crea·
850 3194 931 3245 ἰοῦσαν
947 3195 1037 3244 αῖόνιον
1054 3196 1140 3258 εἰκόνα,
1158 3199 1334 3247 ‘aeternitatis
1352 3200 1379 3248 iu

283 3267 360 3323 tionis
380 3281 475 3330 rerum,
495 3282 546 3331 qua
567 3271 594 3316 in
611 3268 732 3327 Psalmis,
748 3269 812 3316 item
850 3271 950 3318 unitate
968 3272 1094 3319 manentis
1112 3279 1234 3321 eternam
1252 3275 1378 3334 quandam

282 3342 353 3405 apud
364 3343 465 3390 Esaiam
479 3343 594 3406 aliosque
605 3342 752 3404 Prophetes
760 3341 813 3390 dis·
850 3343 875 3392 in
887 3357 993 3391 numero
1003 3341 1124 3393 fluentem
1136 3345 1291 3406 imaginem!
1318 3347 1379 3396 dam

286 3417 405 3466 cernitur
416 3416 449 3465 ab
460 3417 544 3466 idolis.
576 3415 663 3467 Quid?
680 3417 750 3480 quod
761 3416 813 3477 Py·
850 3432 912 3467 vero
924 3417 1023 3466 abavo
1042 3425 1143 3480 tempus
1163 3418 1200 3467 ire
1217 3427 1317 3468 certum
1329 3427 1381 3470 est.

284 3491 403 3551 thagoras
421 3504 523 3553 quoque
542 3490 591 3539 boc
607 3491 690 3552 ipsum
707 3491 814 3553 agnovit
851 3493 929 3546 Plato
941 3494 988 3554 ait,
1003 3490 1089 3555 Χρόνος
1105 3493 1152 3556 γὰρ
1168 3494 1219 3554 μετ’
1232 3493 1380 3558 οόρανοῦγό-

285 3563 313 3610 in
326 3563 814 3626 versibus,quostesertJustinusbiar·
850 3584 927 3630 γονον.
941 3567 973 3615 ἵν’
987 3565 1036 3628 ipa
1048 3567 1087 3616 sol
1104 3567 1211 3618 λιθέντεο
1225 3567 1274 3630 όμο
1288 3569 1381 3620 saltn·

287 3642 329 3700 tyr
343 3633 409 3685 libro
428 3635 461 3684 de
482 3637 643 3701 Monarchia,
662 3640 753 3703 dignos
771 3642 814 3689 bic
851 3647 914 3692 όᾶσι.
936 3643 1064 3704 ‘Tempus
1083 3644 1151 3693 euim
1167 3652 1252 3693 ortum
1268 3653 1311 3695 est
1328 3659 1381 3696 uns

285 3710 366 3759 etiam
382 3709 442 3772 legi.
473 3711 540 3759 Sunt
560 3721 647 3760 autem
669 3715 730 3764 isti:
752 3715 815 3764 Βότω
852 3731 910 3766 cum
921 3717 1002 3774 coelo;
1015 3723 1045 3765 ut
1052 3717 1125 3766 simul
1136 3725 1207 3779 nata,
1215 3721 1289 3768 simul
1300 3721 1379 3770 etism

286 3783 342 3848 ἐρεῖ,
357 3781 415 3834 Θοόσ
429 3780 484 3844 ellat,
495 3782 567 3846 παρὲξ
577 3784 636 3847 inis,
646 3782 714 3836 abror
724 3787 816 3850 ὀφείλει
852 3789 1042 3840 dissolventur!
1069 3791 1239 3840 Durationem
1250 3806 1311 3840 vero
1321 3795 1380 3842 coeli

289 3858 385 3924 Κόσμον
393 3859 446 3908 loos
455 3857 531 3920 τοόνφ
539 3858 639 3922 νοήσας,
649 3859 730 3922 eineis,
745 3862 815 3923 Ἐμόο
852 3874 879 3916 et
891 3869 939 3914 reis
953 3865 1031 3914 όΐόόον
1042 3865 1104 3928 ζωῆς
1119 3869 1290 3917 ‘aeternnrum
1302 3869 1379 3917 vire’

286 3933 362 3988 abror.
379 3935 454 3998 Κοόχὶ
463 3935 534 3997 μόνον
543 3934 815 4002 στήσας,εόπῖν,Ἐμόο,
852 3956 935 3992 avum
956 3955 1013 3990 cnm
1037 3942 1165 3992 veteribus
1186 3941 1305 3990 diximus.
1337 3943 1379 4000 Ex

287 4014 353 4062 &aab
363 4016 479 4063 κατοικεῖν
492 4013 568 4064 stris
577 4011 630 4076 1νᾷ
642 4014 814 4077 σαώσομε-
851 4031 903 4082 quo
914 4017 994 4079 igitur
1005 4015 1090 4066 factm
1101 4024 1142 4066 est
1150 4015 1269 4077 muudus,
1277 4016 1382 4082 mlum,

287 4087 563 4146 relmmt'drbrobrou.
572 4091 622 4140 boc
632 4099 683 4152 est,
695 4097 814 4142 vertente
852 4107 951 4151 oevnm3
967 4106 1000 4140 ex
1010 4106 1043 4140 eo
1054 4089 1128 4140 fluuit
1144 4096 1172 4139 et
1189 4097 1303 4153 tenipus,
1321 4093 1379 4155 ejus

288 4160 319 4209 c.
332 4163 516 4214 Ritterslnusio:
533 4166 576 4214 ‘Si
587 4166 645 4229 quis
654 4165 715 4226 erit,
730 4167 774 4230 qui
785 4179 814 4214 so
851 4169 911 4217 ideo
922 4168 995 4217 velut
1006 4165 1123 4225 effectus,
1134 4166 1201 4214 sicut
1209 4181 1293 4215 sevum
1304 4172 1379 4218 ester·

288 4241 447 4302 pronomine
458 4241 814 4306 ιοοοοοιΙιοόνοοί,Ηοίοοιοο·ι
852 4243 949 4311 nitatis.
981 4243 1050 4292 Hinc
1068 4240 1163 4305 optime
1184 4242 1297 4292 Hermes
1312 4243 1379 4294 lits·
