<?xml version="1.0" encoding="UTF-8"?>
<!DOCTYPE html PUBLIC "-//W3C//DTD XHTML 1.0 Transitional//EN"
    "http://www.w3.org/TR/xhtml1/DTD/xhtml1-transitional.dtd">
<html xmlns="http://www.w3.org/1999/xhtml" xml:lang="en" lang="en">
 <head>
  <title>
</title>
<meta http-equiv="Content-Type" content="text/html;charset=utf-8" />
  <meta name='ocr-system' content='tesseract 3.04.00' />
  <meta name='ocr-capabilities' content='ocr_page ocr_carea ocr_par ocr_line ocrx_word'/>
</head>
<body>
  <div class='ocr_page' id='page_1' title='image "./deconsolationep00sciegoog_0217.png"; bbox 0 0 3184 4959; ppageno 0'>
   <div class='ocr_carea' id='block_1_1' title="bbox 316 670 1123 767">
    <p class='ocr_par' dir='ltr' id='par_1_1' title="bbox 316 670 1123 767">
     <span class='ocr_line' id='line_1_1' title="bbox 316 670 1123 767; baseline 0.011 -9"><span class='ocrx_word' id='word_1_1' title='bbox 316 670 638 761; x_wconf 85' lang='lat' dir='ltr'><strong>NOTITIA</strong></span> <span class='ocrx_word' id='word_1_2' title='bbox 688 672 1123 767; x_wconf 87' lang='lat' dir='ltr'><strong>LITERARIA</strong></span> 
     </span>
    </p>
   </div>
   <div class='ocr_carea' id='block_1_2' title="bbox 699 865 864 915">
    <p class='ocr_par' dir='ltr' id='par_1_2' title="bbox 699 865 864 915">
     <span class='ocr_line' id='line_1_2' title="bbox 699 865 864 915; baseline 0.03 -5"><span class='ocrx_word' id='word_1_3' title='bbox 699 865 746 911; x_wconf 81' lang='lat' dir='ltr'><strong>DE</strong></span> <span class='ocrx_word' id='word_1_4' title='bbox 863 908 864 915; x_wconf 70' lang='grc'>,</span> 
     </span>
    </p>
   </div>
   <div class='ocr_carea' id='block_1_3' title="bbox 403 1006 1046 1087">
    <p class='ocr_par' dir='ltr' id='par_1_3' title="bbox 403 1006 1046 1087">
     <span class='ocr_line' id='line_1_3' title="bbox 403 1006 1046 1087; baseline 0.005 -6"><span class='ocrx_word' id='word_1_5' title='bbox 403 1006 711 1083; x_wconf 87' lang='lat' dir='ltr'><strong>SEVERINO</strong></span> <span class='ocrx_word' id='word_1_6' title='bbox 743 1010 1046 1087; x_wconf 83' lang='grc' dir='ltr'><strong>ΒΟΕΤΗΙΟ.</strong></span> 
     </span>
    </p>
   </div>
   <div class='ocr_carea' id='block_1_4' title="bbox 300 1336 1099 1409">
    <p class='ocr_par' dir='ltr' id='par_1_4' title="bbox 300 1336 1099 1409">
     <span class='ocr_line' id='line_1_4' title="bbox 300 1336 1099 1409; baseline 0.01 -24"><span class='ocrx_word' id='word_1_7' title='bbox 300 1403 304 1409; x_wconf 22' lang='grc' dir='ltr'><strong>Δ</strong></span> <span class='ocrx_word' id='word_1_8' title='bbox 340 1336 385 1385; x_wconf 75' lang='lat' dir='ltr'><strong>Ex</strong></span> <span class='ocrx_word' id='word_1_9' title='bbox 399 1336 540 1388; x_wconf 75' lang='lat' dir='ltr'><strong>Jo-ALB.</strong></span> <span class='ocrx_word' id='word_1_10' title='bbox 556 1338 708 1390; x_wconf 70' lang='lat' dir='ltr'><strong>unomen</strong></span> <span class='ocrx_word' id='word_1_11' title='bbox 724 1340 951 1393; x_wconf 80' lang='lat' dir='ltr'><strong>BIBLIOTHECA</strong></span> <span class='ocrx_word' id='word_1_12' title='bbox 966 1342 1099 1393; x_wconf 78' lang='lat' dir='ltr'><strong>LATINA.</strong></span> 
     </span>
    </p>
   </div>
   <div class='ocr_carea' id='block_1_5' title="bbox 111 1596 1266 1701">
    <p class='ocr_par' dir='ltr' id='par_1_5' title="bbox 39 1595 1266 1701">
     <span class='ocr_line' id='line_1_5' title="bbox 111 1596 1266 1701; baseline 0.009 -28.355"><span class='ocrx_word' id='word_1_13' title='bbox 111 1600 114 1604; x_wconf 35' lang='lat'>⁵</span> <span class='ocrx_word' id='word_1_14' title='bbox 173 1600 221 1673; x_wconf 75' lang='grc' dir='ltr'><strong>ΙΝ</strong></span> <span class='ocrx_word' id='word_1_15' title='bbox 247 1596 397 1674; x_wconf 78' lang='lat' dir='ltr'><strong>veteribus</strong></span> <span class='ocrx_word' id='word_1_16' title='bbox 423 1613 572 1695; x_wconf 79' lang='lat' dir='ltr'><strong>lapidibus</strong></span> <span class='ocrx_word' id='word_1_17' title='bbox 598 1624 629 1675; x_wconf 90' lang='lat' dir='ltr'><strong>et</strong></span> <span class='ocrx_word' id='word_1_18' title='bbox 665 1617 861 1676; x_wconf 85' lang='lat' dir='ltr'><strong>monumentis</strong></span> <span class='ocrx_word' id='word_1_19' title='bbox 888 1618 953 1695; x_wconf 83' lang='lat' dir='ltr'><strong>jam</strong></span> <span class='ocrx_word' id='word_1_20' title='bbox 990 1620 1172 1681; x_wconf 75' lang='lat' dir='ltr'><strong>Bou&#39;rmus</strong></span> <span class='ocrx_word' id='word_1_21' title='bbox 1202 1623 1266 1701; x_wconf 82' lang='lat' dir='ltr'><strong>jum</strong></span> 
     </span>
    </p>
   </div>
   <div class='ocr_carea' id='block_1_6' title="bbox 116 1708 1371 4263">
    <p class='ocr_par' dir='ltr' id='par_1_6' title="bbox 116 1708 1371 4263">
     <span class='ocr_line' id='line_1_6' title="bbox 175 1708 1270 1786; baseline 0.009 -19"><span class='ocrx_word' id='word_1_22' title='bbox 175 1710 331 1768; x_wconf 77' lang='lat' dir='ltr'><strong>Bou&#39;rlus</strong></span> <span class='ocrx_word' id='word_1_23' title='bbox 351 1709 491 1786; x_wconf 86' lang='lat' dir='ltr'><strong>scriptum</strong></span> <span class='ocrx_word' id='word_1_24' title='bbox 505 1708 659 1780; x_wconf 82' lang='lat' dir='ltr'><strong>invenitur,</strong></span> <span class='ocrx_word' id='word_1_25' title='bbox 673 1719 706 1769; x_wconf 90' lang='lat' dir='ltr'><strong>nt</strong></span> <span class='ocrx_word' id='word_1_26' title='bbox 722 1710 837 1770; x_wconf 85' lang='lat' dir='ltr'><strong>notuv&#39;it</strong></span> <span class='ocrx_word' id='word_1_27' title='bbox 856 1712 1023 1772; x_wconf 91' lang='lat' dir='ltr'><strong>Sirmondns</strong></span> <span class='ocrx_word' id='word_1_28' title='bbox 1043 1714 1081 1773; x_wconf 88' lang='lat' dir='ltr'><strong>nd</strong></span> <span class='ocrx_word' id='word_1_29' title='bbox 1103 1716 1270 1777; x_wconf 89' lang='lat' dir='ltr'><strong>Ennodinrn</strong></span> 
     </span>
     <span class='ocr_line' id='line_1_7' title="bbox 175 1803 1270 1886; baseline 0.007 -24"><span class='ocrx_word' id='word_1_30' title='bbox 175 1824 209 1881; x_wconf 88' lang='lat' dir='ltr'><strong>p.</strong></span> <span class='ocrx_word' id='word_1_31' title='bbox 217 1815 267 1867; x_wconf 81' lang='lat'><strong>31.</strong></span> <span class='ocrx_word' id='word_1_32' title='bbox 308 1804 449 1863; x_wconf 72' lang='lat' dir='ltr'><strong>Bodthius</strong></span> <span class='ocrx_word' id='word_1_33' title='bbox 459 1805 504 1869; x_wconf 81' lang='lat' dir='ltr'><strong>¹vir</strong></span> <span class='ocrx_word' id='word_1_34' title='bbox 513 1803 692 1863; x_wconf 82' lang='lat' dir='ltr'><strong>clarissimus</strong></span> <span class='ocrx_word' id='word_1_35' title='bbox 700 1813 732 1863; x_wconf 87' lang='lat' dir='ltr'><strong>et</strong></span> <span class='ocrx_word' id='word_1_36' title='bbox 741 1805 869 1875; x_wconf 86' lang='lat' dir='ltr'><strong>illustris,</strong></span> <span class='ocrx_word' id='word_1_37' title='bbox 881 1808 1005 1886; x_wconf 85' lang='lat' dir='ltr'><strong>scriptor</strong></span> <span class='ocrx_word' id='word_1_38' title='bbox 1013 1808 1208 1879; x_wconf 78' lang='lat' dir='ltr'>Christianus,</span> <span class='ocrx_word' id='word_1_39' title='bbox 1219 1831 1270 1870; x_wconf 82' lang='lat' dir='ltr'><strong>ex-</strong></span> 
     </span>
     <span class='ocr_line' id='line_1_8' title="bbox 175 1900 1271 1981; baseline 0.001 -17"><span class='ocrx_word' id='word_1_40' title='bbox 175 1902 290 1964; x_wconf 82' lang='lat' dir='ltr'><strong>Consul</strong></span> <span class='ocrx_word' id='word_1_41' title='bbox 302 1900 464 1959; x_wconf 86' lang='lat' dir='ltr'><strong>ordinarius</strong></span> <span class='ocrx_word' id='word_1_42' title='bbox 474 1909 504 1959; x_wconf 91' lang='lat' dir='ltr'><strong>et</strong></span> <span class='ocrx_word' id='word_1_43' title='bbox 514 1900 668 1969; x_wconf 76' lang='lat' dir='ltr'>Patricius,</span> <span class='ocrx_word' id='word_1_44' title='bbox 681 1919 749 1958; x_wconf 87' lang='lat' dir='ltr'><strong>cnm</strong></span> <span class='ocrx_word' id='word_1_45' title='bbox 756 1901 937 1961; x_wconf 81' lang='lat' dir='ltr'><strong>Theoderici</strong></span> <span class='ocrx_word' id='word_1_46' title='bbox 947 1902 1114 1963; x_wconf 81' lang='lat' dir='ltr'><strong>Gothorum</strong></span> <span class='ocrx_word' id='word_1_47' title='bbox 1122 1905 1205 1981; x_wconf 82' lang='lat' dir='ltr'><strong>regis,</strong></span> <span class='ocrx_word' id='word_1_48' title='bbox 1218 1906 1271 1965; x_wconf 91' lang='lat' dir='ltr'><strong>mi-</strong></span> 
     </span>
     <span class='ocr_line' id='line_1_9' title="bbox 175 1994 1352 2079; baseline 0.004 -23"><span class='ocrx_word' id='word_1_49' title='bbox 175 1997 333 2057; x_wconf 89' lang='lat' dir='ltr'><strong>nistrorum</strong></span> <span class='ocrx_word' id='word_1_50' title='bbox 357 1994 520 2071; x_wconf 79' lang='lat' dir='ltr'><strong>Conigasti,</strong></span> <span class='ocrx_word' id='word_1_51' title='bbox 541 1994 693 2073; x_wconf 79' lang='lat' dir='ltr'><strong>Triguiilae</strong></span> <span class='ocrx_word' id='word_1_52' title='bbox 712 1994 895 2074; x_wconf 83' lang='lat' dir='ltr'><strong>aliorumque</strong></span> <span class='ocrx_word' id='word_1_53' title='bbox 922 1998 1106 2077; x_wconf 78' lang='lat' dir='ltr'><strong>tyrannidem</strong></span> <span class='ocrx_word' id='word_1_54' title='bbox 1128 1999 1271 2079; x_wconf 86' lang='lat' dir='ltr'><strong>impedire</strong></span> <span class='ocrx_word' id='word_1_55' title='bbox 1350 2063 1352 2069; x_wconf 78' lang='grc'>,</span> 
     </span>
     <span class='ocr_line' id='line_1_10' title="bbox 176 2089 1272 2168; baseline 0.004 -18"><span class='ocrx_word' id='word_1_56' title='bbox 176 2098 301 2150; x_wconf 86' lang='lat' dir='ltr'><strong>conatus</strong></span> <span class='ocrx_word' id='word_1_57' title='bbox 311 2098 398 2160; x_wconf 88' lang='lat' dir='ltr'><strong>esset,</strong></span> <span class='ocrx_word' id='word_1_58' title='bbox 410 2090 547 2148; x_wconf 87' lang='lat' dir='ltr'><strong>Ticinum</strong></span> <span class='ocrx_word' id='word_1_59' title='bbox 558 2089 587 2147; x_wconf 91' lang='lat' dir='ltr'><strong>in</strong></span> <span class='ocrx_word' id='word_1_60' title='bbox 600 2090 716 2149; x_wconf 86' lang='lat' dir='ltr'><strong>exilium</strong></span> <span class='ocrx_word' id='word_1_61' title='bbox 727 2091 832 2150; x_wconf 87' lang='lat' dir='ltr'><strong>missus</strong></span> <span class='ocrx_word' id='word_1_62' title='bbox 846 2101 903 2163; x_wconf 89' lang='lat' dir='ltr'><strong>est,</strong></span> <span class='ocrx_word' id='word_1_63' title='bbox 912 2092 997 2168; x_wconf 89' lang='lat' dir='ltr'><strong>cnjus</strong></span> <span class='ocrx_word' id='word_1_64' title='bbox 1006 2094 1047 2152; x_wconf 89' lang='lat' dir='ltr'><strong>rei</strong></span> <span class='ocrx_word' id='word_1_65' title='bbox 1057 2092 1188 2153; x_wconf 77' lang='lat' dir='ltr'><strong>meminit</strong></span> <span class='ocrx_word' id='word_1_66' title='bbox 1202 2096 1272 2154; x_wconf 90' lang='lat' dir='ltr'><strong>Mo·</strong></span> 
     </span>
     <span class='ocr_line' id='line_1_11' title="bbox 175 2185 1271 2263; baseline 0.005 -18"><span class='ocrx_word' id='word_1_67' title='bbox 175 2185 282 2262; x_wconf 87' lang='lat' dir='ltr'><strong>doinus</strong></span> <span class='ocrx_word' id='word_1_68' title='bbox 296 2186 461 2263; x_wconf 78' lang='lat' dir='ltr'><strong>Episcopus</strong></span> <span class='ocrx_word' id='word_1_69' title='bbox 472 2185 606 2263; x_wconf 76' lang='lat' dir='ltr'><strong>Epistola</strong></span> <span class='ocrx_word' id='word_1_70' title='bbox 622 2186 757 2246; x_wconf 80' lang='lat' dir='ltr'><strong>solutoris</strong></span> <span class='ocrx_word' id='word_1_71' title='bbox 767 2186 805 2244; x_wconf 86' lang='lat' dir='ltr'><strong>nd</strong></span> <span class='ocrx_word' id='word_1_72' title='bbox 819 2186 1018 2247; x_wconf 85' lang='lat' dir='ltr'><strong>Theodnit&#39;nm</strong></span> <span class='ocrx_word' id='word_1_73' title='bbox 1034 2188 1271 2249; x_wconf 80' lang='lat' dir='ltr'><strong>Aurelianensem</strong></span> 
     </span>
     <span class='ocr_line' id='line_1_12' title="bbox 175 2278 1271 2363; baseline 0.003 -23"><span class='ocrx_word' id='word_1_74' title='bbox 175 2282 302 2351; x_wconf 81' lang='lat' dir='ltr'><strong>exulem,</strong></span> <span class='ocrx_word' id='word_1_75' title='bbox 318 2280 393 2340; x_wconf 88' lang='lat' dir='ltr'><strong>libro</strong></span> <span class='ocrx_word' id='word_1_76' title='bbox 404 2296 451 2339; x_wconf 78' lang='grc' dir='ltr'><strong>ιν.</strong></span> <span class='ocrx_word' id='word_1_77' title='bbox 464 2278 622 2339; x_wconf 86' lang='lat' dir='ltr'><strong>Theodulfi</strong></span> <span class='ocrx_word' id='word_1_78' title='bbox 631 2299 722 2340; x_wconf 85' lang='lat' dir='ltr'><strong>carm.</strong></span> <span class='ocrx_word' id='word_1_79' title='bbox 739 2281 887 2341; x_wconf 87' lang='lat' dir='ltr'><strong>rx.Tom.</strong></span> <span class='ocrx_word' id='word_1_80' title='bbox 901 2292 948 2342; x_wconf 81' lang='grc'><strong>14.</strong></span> <span class='ocrx_word' id='word_1_81' title='bbox 961 2283 1037 2343; x_wconf 88' lang='lat' dir='ltr'><strong>Bibi.</strong></span> <span class='ocrx_word' id='word_1_82' title='bbox 1048 2284 1169 2343; x_wconf 76' lang='lat' dir='ltr'><strong>Petrum</strong></span> <span class='ocrx_word' id='word_1_83' title='bbox 1178 2285 1271 2363; x_wconf 82' lang='lat' dir='ltr'><strong>Lngd.</strong></span> 
     </span>
     <span class='ocr_line' id='line_1_13' title="bbox 174 2375 1164 2455; baseline 0.002 -19"><span class='ocrx_word' id='word_1_84' title='bbox 174 2396 245 2455; x_wconf 78' lang='lat' dir='ltr'><strong>pag.</strong></span> <span class='ocrx_word' id='word_1_85' title='bbox 261 2386 310 2436; x_wconf 84' lang='grc'><strong>48.</strong></span> <span class='ocrx_word' id='word_1_86' title='bbox 350 2378 437 2436; x_wconf 84' lang='lat' dir='ltr'><strong>Jussn</strong></span> <span class='ocrx_word' id='word_1_87' title='bbox 449 2375 627 2435; x_wconf 85' lang='lat' dir='ltr'><strong>Theudorici</strong></span> <span class='ocrx_word' id='word_1_88' title='bbox 641 2376 812 2436; x_wconf 83' lang='lat' dir='ltr'><strong>interiectus</strong></span> <span class='ocrx_word' id='word_1_89' title='bbox 826 2384 873 2435; x_wconf 89' lang='lat' dir='ltr'><strong>est</strong></span> <span class='ocrx_word' id='word_1_90' title='bbox 887 2377 1029 2437; x_wconf 72' lang='lat' dir='ltr'><strong>Botthius</strong></span> <span class='ocrx_word' id='word_1_91' title='bbox 1042 2380 1078 2436; x_wconf 87' lang='lat' dir='ltr'><strong>A.</strong></span> <span class='ocrx_word' id='word_1_92' title='bbox 1094 2384 1164 2439; x_wconf 74' lang='lat'><strong>524.</strong></span> 
     </span>
     <span class='ocr_line' id='line_1_14' title="bbox 217 2469 1270 2557; baseline 0.003 -27"><span class='ocrx_word' id='word_1_93' title='bbox 217 2469 334 2531; x_wconf 63' lang='lat' dir='ltr'><strong>Boethii</strong></span> <span class='ocrx_word' id='word_1_94' title='bbox 348 2470 485 2557; x_wconf 84' lang='lat' dir='ltr'><strong>Consuiis</strong></span> <span class='ocrx_word' id='word_1_95' title='bbox 499 2470 660 2548; x_wconf 85' lang='lat' dir='ltr'><strong>diptychon</strong></span> <span class='ocrx_word' id='word_1_96' title='bbox 673 2483 838 2529; x_wconf 77' lang='lat' dir='ltr'><strong>asservatur</strong></span> <span class='ocrx_word' id='word_1_97' title='bbox 852 2470 958 2531; x_wconf 83' lang='lat' dir='ltr'><strong>Brixiae</strong></span> <span class='ocrx_word' id='word_1_98' title='bbox 970 2490 988 2530; x_wconf 81' lang='lat' dir='ltr'><strong>a</strong></span> <span class='ocrx_word' id='word_1_99' title='bbox 1001 2471 1081 2533; x_wconf 87' lang='lat' dir='ltr'><strong>Juiio</strong></span> <span class='ocrx_word' id='word_1_100' title='bbox 1096 2472 1270 2545; x_wconf 78' lang='lat' dir='ltr'><strong>Burbisono,</strong></span> 
     </span>
     <span class='ocr_line' id='line_1_15' title="bbox 177 2565 1271 2646; baseline 0 -19"><span class='ocrx_word' id='word_1_101' title='bbox 177 2568 356 2645; x_wconf 80' lang='lat' dir='ltr'><strong>congregat.</strong></span> <span class='ocrx_word' id='word_1_102' title='bbox 368 2568 488 2625; x_wconf 85' lang='lat' dir='ltr'><strong>Orator.</strong></span> <span class='ocrx_word' id='word_1_103' title='bbox 517 2566 593 2625; x_wconf 88' lang='lat' dir='ltr'><strong>Vide</strong></span> <span class='ocrx_word' id='word_1_104' title='bbox 614 2565 678 2643; x_wconf 84' lang='lat' dir='ltr'><strong>ejus</strong></span> <span class='ocrx_word' id='word_1_105' title='bbox 702 2568 819 2625; x_wconf 88' lang='lat' dir='ltr'><strong>iconem</strong></span> <span class='ocrx_word' id='word_1_106' title='bbox 834 2566 1013 2646; x_wconf 80' lang='lat' dir='ltr'><strong>descriptam</strong></span> <span class='ocrx_word' id='word_1_107' title='bbox 1033 2587 1092 2628; x_wconf 80' lang='lat' dir='ltr'><strong>tere</strong></span> <span class='ocrx_word' id='word_1_108' title='bbox 1111 2577 1142 2627; x_wconf 90' lang='lat' dir='ltr'><strong>et</strong></span> <span class='ocrx_word' id='word_1_109' title='bbox 1158 2567 1271 2627; x_wconf 83' lang='lat' dir='ltr'><strong>erudite</strong></span> 
     </span>
     <span class='ocr_line' id='line_1_16' title="bbox 168 2662 1271 2734; baseline 0.002 -13"><span class='ocrx_word' id='word_1_110' title='bbox 168 2664 348 2723; x_wconf 58' lang='lat' dir='ltr'><strong>&#39;illustratam</strong></span> <span class='ocrx_word' id='word_1_111' title='bbox 358 2662 388 2720; x_wconf 91' lang='lat' dir='ltr'><strong>in</strong></span> <span class='ocrx_word' id='word_1_112' title='bbox 402 2662 505 2721; x_wconf 84' lang='lat' dir='ltr'><strong>Diario</strong></span> <span class='ocrx_word' id='word_1_113' title='bbox 513 2664 635 2734; x_wconf 83' lang='lat' dir='ltr'><strong>Veneto,</strong></span> <span class='ocrx_word' id='word_1_114' title='bbox 646 2662 790 2724; x_wconf 86' lang='lat' dir='ltr'><strong>Giornaie</strong></span> <span class='ocrx_word' id='word_1_115' title='bbox 804 2662 851 2723; x_wconf 84' lang='lat' dir='ltr'><strong>de’</strong></span> <span class='ocrx_word' id='word_1_116' title='bbox 861 2663 1110 2725; x_wconf 80' lang='lat' dir='ltr'><strong>letterntid’italiu</strong></span> <span class='ocrx_word' id='word_1_117' title='bbox 1121 2663 1209 2722; x_wconf 87' lang='lat' dir='ltr'><strong>Turn.</strong></span> <span class='ocrx_word' id='word_1_118' title='bbox 1221 2664 1271 2723; x_wconf 75' lang='lat'><strong>28.</strong></span> 
     </span>
     <span class='ocr_line' id='line_1_17' title="bbox 175 2766 1197 2836; baseline -0.001 0"><span class='ocrx_word' id='word_1_119' title='bbox 175 2777 247 2836; x_wconf 64' lang='lat' dir='ltr'><strong>Pflg·</strong></span> <span class='ocrx_word' id='word_1_120' title='bbox 260 2766 311 2829; x_wconf 78' lang='lat'><strong>39·</strong></span> <span class='ocrx_word' id='word_1_121' title='bbox 326 2777 388 2836; x_wconf 72' lang='lat' dir='ltr'><strong>se‘i-</strong></span> <span class='ocrx_word' id='word_1_122' title='bbox 1195 2830 1197 2835; x_wconf 91' lang='lat'><strong>.</strong></span> 
     </span>
     <span class='ocr_line' id='line_1_18' title="bbox 218 2852 1272 2932; baseline 0.002 -21"><span class='ocrx_word' id='word_1_123' title='bbox 218 2853 304 2913; x_wconf 87' lang='lat' dir='ltr'><strong>Alius</strong></span> <span class='ocrx_word' id='word_1_124' title='bbox 323 2853 464 2913; x_wconf 72' lang='lat' dir='ltr'><strong>Boethius</strong></span> <span class='ocrx_word' id='word_1_125' title='bbox 482 2854 594 2913; x_wconf 80' lang='lat' dir='ltr'><strong>Primos</strong></span> <span class='ocrx_word' id='word_1_126' title='bbox 613 2856 776 2931; x_wconf 79' lang='lat' dir='ltr'><strong>Byzacenae</strong></span> <span class='ocrx_word' id='word_1_127' title='bbox 800 2855 828 2911; x_wconf 92' lang='lat' dir='ltr'><strong>in</strong></span> <span class='ocrx_word' id='word_1_128' title='bbox 849 2854 951 2913; x_wconf 76' lang='lat' dir='ltr'><strong>Atrion</strong></span> <span class='ocrx_word' id='word_1_129' title='bbox 967 2853 1141 2925; x_wconf 79' lang='lat' dir='ltr'><strong>Provinciae,</strong></span> <span class='ocrx_word' id='word_1_130' title='bbox 1161 2852 1272 2932; x_wconf 87' lang='lat' dir='ltr'><strong>dequo</strong></span> 
     </span>
     <span class='ocr_line' id='line_1_19' title="bbox 176 2947 965 3029; baseline -0.001 -21"><span class='ocrx_word' id='word_1_131' title='bbox 176 2947 350 3008; x_wconf 88' lang='lat' dir='ltr'><strong>Sirmondns</strong></span> <span class='ocrx_word' id='word_1_132' title='bbox 364 2947 402 3007; x_wconf 80' lang='lat' dir='ltr'><strong>ud</strong></span> <span class='ocrx_word' id='word_1_133' title='bbox 418 2948 589 3007; x_wconf 80' lang='lat' dir='ltr'><strong>Facundum</strong></span> <span class='ocrx_word' id='word_1_134' title='bbox 603 2951 641 3007; x_wconf 89' lang='lat' dir='ltr'><strong>T.</strong></span> <span class='ocrx_word' id='word_1_135' title='bbox 659 2964 698 3008; x_wconf 87' lang='lat' dir='ltr'><strong>rr.</strong></span> <span class='ocrx_word' id='word_1_136' title='bbox 713 2950 796 3029; x_wconf 91' lang='lat' dir='ltr'><strong>Opp.</strong></span> <span class='ocrx_word' id='word_1_137' title='bbox 811 2968 880 3027; x_wconf 77' lang='lat' dir='ltr'><strong>pag.</strong></span> <span class='ocrx_word' id='word_1_138' title='bbox 896 2958 965 3009; x_wconf 84' lang='lat'><strong>838.</strong></span> 
     </span>
     <span class='ocr_line' id='line_1_20' title="bbox 217 3039 1272 3121; baseline -0.002 -18"><span class='ocrx_word' id='word_1_139' title='bbox 217 3045 244 3103; x_wconf 90' lang='lat' dir='ltr'><strong>E</strong></span> <span class='ocrx_word' id='word_1_140' title='bbox 256 3043 469 3102; x_wconf 89' lang='lat' dir='ltr'><strong>recentioribus</strong></span> <span class='ocrx_word' id='word_1_141' title='bbox 483 3042 689 3101; x_wconf 81' lang='lat' dir='ltr'><strong>memorandus</strong></span> <span class='ocrx_word' id='word_1_142' title='bbox 706 3052 738 3103; x_wconf 90' lang='lat' dir='ltr'><strong>et</strong></span> <span class='ocrx_word' id='word_1_143' title='bbox 750 3043 905 3102; x_wconf 86' lang='lat' dir='ltr'><strong>Anseimns</strong></span> <span class='ocrx_word' id='word_1_144' title='bbox 919 3040 1067 3112; x_wconf 76' lang='lat' dir='ltr'><strong>Botrhius,</strong></span> <span class='ocrx_word' id='word_1_145' title='bbox 1081 3041 1133 3120; x_wconf 88' lang='lat' dir='ltr'><strong>qui</strong></span> <span class='ocrx_word' id='word_1_146' title='bbox 1146 3039 1185 3101; x_wconf 87' lang='lat' dir='ltr'><strong>de</strong></span> <span class='ocrx_word' id='word_1_147' title='bbox 1197 3041 1272 3121; x_wconf 83' lang='lat' dir='ltr'><strong>inpi-</strong></span> 
     </span>
     <span class='ocr_line' id='line_1_21' title="bbox 175 3136 1278 3220; baseline 0.007 -24"><span class='ocrx_word' id='word_1_148' title='bbox 175 3136 267 3196; x_wconf 90' lang='lat' dir='ltr'><strong>dibus</strong></span> <span class='ocrx_word' id='word_1_149' title='bbox 280 3137 417 3215; x_wconf 85' lang='lat' dir='ltr'><strong>pretiosis</strong></span> <span class='ocrx_word' id='word_1_150' title='bbox 432 3139 558 3216; x_wconf 84' lang='lat' dir='ltr'><strong>scripsit.</strong></span> <span class='ocrx_word' id='word_1_151' title='bbox 1275 3212 1278 3220; x_wconf 29' lang='lat'>¹</span> 
     </span>
     <span class='ocr_line' id='line_1_22' title="bbox 219 3231 1371 3311; baseline -0.001 -19"><span class='ocrx_word' id='word_1_152' title='bbox 219 3234 302 3292; x_wconf 85' lang='lat' dir='ltr'><strong>Uxor</strong></span> <span class='ocrx_word' id='word_1_153' title='bbox 315 3231 397 3311; x_wconf 83' lang='lat' dir='ltr'><strong>Elpis</strong></span> <span class='ocrx_word' id='word_1_154' title='bbox 409 3234 566 3293; x_wconf 69' lang='lat' dir='ltr'><strong>Boethium</strong></span> <span class='ocrx_word' id='word_1_155' title='bbox 581 3234 611 3293; x_wconf 91' lang='lat' dir='ltr'><strong>in</strong></span> <span class='ocrx_word' id='word_1_156' title='bbox 626 3232 743 3294; x_wconf 82' lang='lat' dir='ltr'><strong>exilium</strong></span> <span class='ocrx_word' id='word_1_157' title='bbox 758 3233 899 3293; x_wconf 81' lang='lat' dir='ltr'><strong>comitatu</strong></span> <span class='ocrx_word' id='word_1_158' title='bbox 913 3240 968 3301; x_wconf 84' lang='lat' dir='ltr'><strong>cst,</strong></span> <span class='ocrx_word' id='word_1_159' title='bbox 982 3239 1015 3289; x_wconf 91' lang='lat' dir='ltr'><strong>ut</strong></span> <span class='ocrx_word' id='word_1_160' title='bbox 1028 3238 1145 3291; x_wconf 79' lang='lat' dir='ltr'><strong>constat</strong></span> <span class='ocrx_word' id='word_1_161' title='bbox 1156 3251 1191 3290; x_wconf 83' lang='lat' dir='ltr'><strong>ex</strong></span> <span class='ocrx_word' id='word_1_162' title='bbox 1206 3231 1273 3308; x_wconf 85' lang='lat' dir='ltr'><strong>ejus</strong></span> <span class='ocrx_word' id='word_1_163' title='bbox 1369 3266 1371 3273; x_wconf 94' lang='lat'>·</span> 
     </span>
     <span class='ocr_line' id='line_1_23' title="bbox 177 3326 1273 3406; baseline 0 -21"><span class='ocrx_word' id='word_1_164' title='bbox 177 3327 340 3405; x_wconf 74' lang='lat' dir='ltr'><strong>epitaphio,</strong></span> <span class='ocrx_word' id='word_1_165' title='bbox 356 3327 436 3405; x_wconf 90' lang='lat' dir='ltr'><strong>quod</strong></span> <span class='ocrx_word' id='word_1_166' title='bbox 455 3337 535 3389; x_wconf 76' lang='lat' dir='ltr'><strong>extat</strong></span> <span class='ocrx_word' id='word_1_167' title='bbox 553 3330 657 3387; x_wconf 79' lang='lat' dir='ltr'><strong>Romae</strong></span> <span class='ocrx_word' id='word_1_168' title='bbox 674 3329 703 3386; x_wconf 92' lang='lat' dir='ltr'><strong>in</strong></span> <span class='ocrx_word' id='word_1_169' title='bbox 723 3329 841 3406; x_wconf 89' lang='lat' dir='ltr'><strong>portion</strong></span> <span class='ocrx_word' id='word_1_170' title='bbox 856 3330 886 3388; x_wconf 88' lang='lat' dir='ltr'><strong>S.</strong></span> <span class='ocrx_word' id='word_1_171' title='bbox 900 3327 991 3398; x_wconf 88' lang='lat' dir='ltr'><strong>Petri,</strong></span> <span class='ocrx_word' id='word_1_172' title='bbox 1006 3326 1151 3404; x_wconf 75' lang='lat' dir='ltr'><strong>offertque</strong></span> <span class='ocrx_word' id='word_1_173' title='bbox 1164 3327 1273 3404; x_wconf 78' lang='lat' dir='ltr'><strong>Gynai-</strong></span> 
     </span>
     <span class='ocr_line' id='line_1_24' title="bbox 116 3420 1273 3501; baseline -0.002 -20"><span class='ocrx_word' id='word_1_174' title='bbox 116 3458 119 3461; x_wconf 76' lang='grc'><em>·</em></span> <span class='ocrx_word' id='word_1_175' title='bbox 179 3422 237 3481; x_wconf 86' lang='lat' dir='ltr'><strong>dus</strong></span> <span class='ocrx_word' id='word_1_176' title='bbox 251 3423 328 3481; x_wconf 79' lang='lat' dir='ltr'><strong>Dial.</strong></span> <span class='ocrx_word' id='word_1_177' title='bbox 343 3432 371 3484; x_wconf 86' lang='lat'><strong>5.</strong></span> <span class='ocrx_word' id='word_1_178' title='bbox 386 3423 424 3481; x_wconf 92' lang='lat' dir='ltr'><strong>de</strong></span> <span class='ocrx_word' id='word_1_179' title='bbox 436 3423 546 3482; x_wconf 75' lang='lat' dir='ltr'><strong>Poetis.</strong></span> <span class='ocrx_word' id='word_1_180' title='bbox 587 3422 776 3501; x_wconf 83' lang='lat' dir='ltr'><strong>Epitaphium</strong></span> <span class='ocrx_word' id='word_1_181' title='bbox 789 3422 864 3482; x_wconf 90' lang='lat' dir='ltr'><strong>iliud</strong></span> <span class='ocrx_word' id='word_1_182' title='bbox 878 3422 963 3481; x_wconf 81' lang='lat' dir='ltr'><strong>etiarn</strong></span> <span class='ocrx_word' id='word_1_183' title='bbox 976 3422 1034 3480; x_wconf 91' lang='lat' dir='ltr'><strong>hoc</strong></span> <span class='ocrx_word' id='word_1_184' title='bbox 1047 3420 1116 3480; x_wconf 86' lang='lat' dir='ltr'><strong>ioco</strong></span> <span class='ocrx_word' id='word_1_185' title='bbox 1129 3420 1273 3497; x_wconf 84' lang='lat' dir='ltr'><strong>integrum</strong></span> 
     </span>
     <span class='ocr_line' id='line_1_25' title="bbox 180 3514 1274 3597; baseline 0 -20"><span class='ocrx_word' id='word_1_186' title='bbox 180 3537 329 3597; x_wconf 78' lang='lat' dir='ltr'><strong>apponere</strong></span> <span class='ocrx_word' id='word_1_187' title='bbox 338 3518 426 3595; x_wconf 86' lang='lat' dir='ltr'><strong>juvat</strong></span> <span class='ocrx_word' id='word_1_188' title='bbox 444 3537 479 3576; x_wconf 85' lang='lat' dir='ltr'><strong>ex</strong></span> <span class='ocrx_word' id='word_1_189' title='bbox 494 3517 666 3577; x_wconf 83' lang='lat' dir='ltr'><strong>Praefntione</strong></span> <span class='ocrx_word' id='word_1_190' title='bbox 684 3518 791 3577; x_wconf 82' lang='lat' dir='ltr'><strong>Rennti</strong></span> <span class='ocrx_word' id='word_1_191' title='bbox 802 3518 918 3589; x_wconf 85' lang='lat' dir='ltr'><strong>Valiini,</strong></span> <span class='ocrx_word' id='word_1_192' title='bbox 933 3516 1071 3595; x_wconf 83' lang='lat' dir='ltr'><strong>quonium</strong></span> <span class='ocrx_word' id='word_1_193' title='bbox 1083 3515 1157 3575; x_wconf 89' lang='lat' dir='ltr'><strong>iilud</strong></span> <span class='ocrx_word' id='word_1_194' title='bbox 1168 3515 1197 3577; x_wconf 91' lang='lat' dir='ltr'><strong>in</strong></span> <span class='ocrx_word' id='word_1_195' title='bbox 1209 3514 1274 3577; x_wconf 78' lang='lat' dir='ltr'><strong>edi·</strong></span> 
     </span>
     <span class='ocr_line' id='line_1_26' title="bbox 180 3598 955 3681; baseline -0.001 -10"><span class='ocrx_word' id='word_1_196' title='bbox 180 3613 259 3673; x_wconf 85' lang='lat' dir='ltr'><strong>tione</strong></span> <span class='ocrx_word' id='word_1_197' title='bbox 271 3616 309 3672; x_wconf 87' lang='lat' dir='ltr'><strong>A.</strong></span> <span class='ocrx_word' id='word_1_198' title='bbox 327 3611 413 3681; x_wconf 75' lang='lat'><strong>1671.</strong></span> <span class='ocrx_word' id='word_1_199' title='bbox 428 3620 474 3671; x_wconf 88' lang='lat' dir='ltr'><strong>cst</strong></span> <span class='ocrx_word' id='word_1_200' title='bbox 486 3613 639 3671; x_wconf 87' lang='lat' dir='ltr'><strong>omissum.</strong></span> <span class='ocrx_word' id='word_1_201' title='bbox 952 3598 955 3602; x_wconf 28' lang='lat'>⁸</span> 
     </span>
     <span class='ocr_line' id='line_1_27' title="bbox 149 3701 1077 3785; baseline -0.002 -18"><span class='ocrx_word' id='word_1_202' title='bbox 149 3701 150 3704; x_wconf 27' lang='lat'>¹</span> <span class='ocrx_word' id='word_1_203' title='bbox 302 3708 412 3785; x_wconf 88' lang='lat' dir='ltr'><strong>Helpes</strong></span> <span class='ocrx_word' id='word_1_204' title='bbox 425 3706 504 3766; x_wconf 83' lang='lat' dir='ltr'><strong>dictu</strong></span> <span class='ocrx_word' id='word_1_205' title='bbox 516 3707 560 3765; x_wconf 82' lang='lat' dir='ltr'><strong>fni</strong></span> <span class='ocrx_word' id='word_1_206' title='bbox 574 3706 681 3766; x_wconf 81' lang='lat' dir='ltr'><strong>Siculoe</strong></span> <span class='ocrx_word' id='word_1_207' title='bbox 692 3706 818 3783; x_wconf 81' lang='lat' dir='ltr'><strong>regionis</strong></span> <span class='ocrx_word' id='word_1_208' title='bbox 831 3707 959 3779; x_wconf 80' lang='lat' dir='ltr'><strong>alumna,</strong></span> <span class='ocrx_word' id='word_1_209' title='bbox 1073 3712 1077 3721; x_wconf 84' lang='lat'>&#39;</span> 
     </span>
     <span class='ocr_line' id='line_1_28' title="bbox 342 3798 1008 3880; baseline 0.003 -20"><span class='ocrx_word' id='word_1_210' title='bbox 342 3804 438 3871; x_wconf 84' lang='lat' dir='ltr'><strong>Quam</strong></span> <span class='ocrx_word' id='word_1_211' title='bbox 453 3802 576 3880; x_wconf 76' lang='lat' dir='ltr'><strong>procule</strong></span> <span class='ocrx_word' id='word_1_212' title='bbox 589 3801 684 3878; x_wconf 82' lang='lat' dir='ltr'><strong>putria</strong></span> <span class='ocrx_word' id='word_1_213' title='bbox 697 3798 831 3877; x_wconf 82' lang='lat' dir='ltr'><strong>conjugis</strong></span> <span class='ocrx_word' id='word_1_214' title='bbox 843 3804 903 3879; x_wconf 85' lang='lat' dir='ltr'><strong>egit</strong></span> <span class='ocrx_word' id='word_1_215' title='bbox 916 3821 1008 3863; x_wconf 76' lang='lat' dir='ltr'><strong>arnor.</strong></span> 
     </span>
     <span class='ocr_line' id='line_1_29' title="bbox 300 3895 1044 3968; baseline 0 -13"><span class='ocrx_word' id='word_1_216' title='bbox 300 3898 371 3966; x_wconf 87' lang='lat' dir='ltr'><strong>Quo</strong></span> <span class='ocrx_word' id='word_1_217' title='bbox 384 3896 446 3954; x_wconf 82' lang='lat' dir='ltr'><strong>sine</strong></span> <span class='ocrx_word' id='word_1_218' title='bbox 458 3905 558 3955; x_wconf 83' lang='lat' dir='ltr'><strong>moestn</strong></span> <span class='ocrx_word' id='word_1_219' title='bbox 572 3896 646 3968; x_wconf 85' lang='lat' dir='ltr'><strong>dies,</strong></span> <span class='ocrx_word' id='word_1_220' title='bbox 658 3915 716 3953; x_wconf 81' lang='lat' dir='ltr'><strong>nox</strong></span> <span class='ocrx_word' id='word_1_221' title='bbox 729 3897 826 3967; x_wconf 82' lang='lat' dir='ltr'><strong>nuxia,</strong></span> <span class='ocrx_word' id='word_1_222' title='bbox 841 3895 947 3955; x_wconf 86' lang='lat' dir='ltr'><strong>flebilis</strong></span> <span class='ocrx_word' id='word_1_223' title='bbox 962 3897 1044 3966; x_wconf 84' lang='lat' dir='ltr'><strong>hora,</strong></span> 
     </span>
     <span class='ocr_line' id='line_1_30' title="bbox 338 3989 965 4068; baseline 0 -18"><span class='ocrx_word' id='word_1_224' title='bbox 338 3992 405 4051; x_wconf 88' lang='lat' dir='ltr'><strong>Neo</strong></span> <span class='ocrx_word' id='word_1_225' title='bbox 417 3990 511 4049; x_wconf 88' lang='lat' dir='ltr'><strong>solnm</strong></span> <span class='ocrx_word' id='word_1_226' title='bbox 525 4010 594 4049; x_wconf 82' lang='lat' dir='ltr'><strong>curo</strong></span> <span class='ocrx_word' id='word_1_227' title='bbox 607 3990 657 4049; x_wconf 87' lang='lat' dir='ltr'><strong>sed</strong></span> <span class='ocrx_word' id='word_1_228' title='bbox 670 3989 790 4068; x_wconf 88' lang='lat' dir='ltr'><strong>spiritus</strong></span> <span class='ocrx_word' id='word_1_229' title='bbox 804 4010 877 4051; x_wconf 87' lang='lat' dir='ltr'><strong>unns</strong></span> <span class='ocrx_word' id='word_1_230' title='bbox 890 4002 965 4051; x_wconf 81' lang='lat' dir='ltr'><strong>erat.</strong></span> 
     </span>
     <span class='ocr_line' id='line_1_31' title="bbox 207 4084 1045 4147; baseline -0.005 0"><span class='ocrx_word' id='word_1_231' title='bbox 207 4106 210 4111; x_wconf 78' lang='grc'><strong>’</strong></span> <span class='ocrx_word' id='word_1_232' title='bbox 304 4087 369 4147; x_wconf 84' lang='lat' dir='ltr'><strong>Lux</strong></span> <span class='ocrx_word' id='word_1_233' title='bbox 381 4104 517 4145; x_wconf 86' lang='lat' dir='ltr'><strong>mennon</strong></span> <span class='ocrx_word' id='word_1_234' title='bbox 531 4086 684 4145; x_wconf 72' lang='lat' dir='ltr'><strong>claussen</strong></span> <span class='ocrx_word' id='word_1_235' title='bbox 696 4086 749 4145; x_wconf 79' lang='lat' dir='ltr'><strong>rati</strong></span> <span class='ocrx_word' id='word_1_236' title='bbox 759 4096 927 4145; x_wconf 81' lang='lat' dir='ltr'><strong>remanente</strong></span> <span class='ocrx_word' id='word_1_237' title='bbox 941 4084 1045 4143; x_wconf 85' lang='lat' dir='ltr'><strong>marito</strong></span> 
     </span>
     <span class='ocr_line' id='line_1_32' title="bbox 299 4182 965 4263; baseline -0.003 -19"><span class='ocrx_word' id='word_1_238' title='bbox 299 4190 300 4194; x_wconf 77' lang='grc'>’</span> <span class='ocrx_word' id='word_1_239' title='bbox 344 4182 509 4262; x_wconf 79' lang='lat' dir='ltr'><strong>Majoriqne</strong></span> <span class='ocrx_word' id='word_1_240' title='bbox 523 4182 628 4242; x_wconf 81' lang='lat' dir='ltr'><strong>animae</strong></span> <span class='ocrx_word' id='word_1_241' title='bbox 640 4191 726 4263; x_wconf 82' lang='lat' dir='ltr'><strong>parte</strong></span> <span class='ocrx_word' id='word_1_242' title='bbox 739 4190 889 4262; x_wconf 85' lang='lat' dir='ltr'><strong>superstes</strong></span> <span class='ocrx_word' id='word_1_243' title='bbox 902 4199 965 4247; x_wconf 78' lang='lat' dir='ltr'><strong>ero.</strong></span> 
     </span>
    </p>
   </div>
   <div class='ocr_carea' id='block_1_7' title="bbox 0 0 1611 4959">
    <p class='ocr_par' dir='ltr' id='par_1_7' title="bbox 0 0 1611 4959">
     <span class='ocr_line' id='line_1_33' title="bbox 0 0 1611 4959; baseline 0 0"><span class='ocrx_word' id='word_1_244' title='bbox 0 0 1611 4959; x_wconf 95' lang='lat' dir='ltr'><strong> </strong></span> 
     </span>
    </p>
   </div>
  </div>
 </body>
</html>
