3184 4959
299 442 365 508 486
559 473 565 480 ·
641 457 747 507 uorn
771 456 972 507 vsnronun
997 455 1039 506 ru

300 599 400 649 darium
421 600 581 662 expendunt,
605 605 634 648 ot
654 598 758 648 sinistre
780 613 827 661 per
864 597 976 658 lronics,
998 601 1027 646 ut
1047 596 1123 658 solet,
1142 594 1277 646 luvenalis
1295 594 1391 657 Satyrs

300 675 413 739 singulos
430 674 524 738 digitos
535 674 568 724 de
579 674 661 722 saccis
673 674 777 737 singolis
787 675 826 723 lu·
864 684 925 721 xrv.
937 672 945 699 ‘
955 671 1062 722 Scilicet
1073 678 1101 720 et
1111 671 1206 720 morbis
1218 679 1246 720 et
1257 670 1393 720 debilitate

300 751 348 800 dit.
382 749 580 800 Hassuntoires
599 749 754 809 ambitionis,
769 755 826 798 tan·
864 748 974 810 carebis,
982 749 1017 797 Et
1027 749 1134 809 loetum,
1142 754 1263 798 eteorum
1273 746 1392 810 effugies,

299 832 384 874 tarum
397 839 530 874 rrsrrrururn
542 824 710 873 substantium
729 838 779 873 uno
799 830 826 872 et
864 829 891 871 et
904 823 1091 885 temporarius
1104 823 1192 884 ionga
1208 822 1256 872 tibi
1274 821 1390 884 posthaec

300 901 417 950 muliebri
427 900 581 963 corpusculo
593 899 725 964 bajulare!
749 900 827 948 Sene·
863 894 918 945 fato
937 898 1045 946 meliora
1066 896 1215 946 dabuntur:
1240 897 1267 946 Si
1289 902 1390 944 tanturn

300 989 345 1025 cu:
362 977 370 1004 ⁴
383 977 443 1025 Non
456 976 518 1024 ustis
530 976 661 1024 sorriiebris
671 975 771 1023 insania
789 974 826 1022 ri·
864 973 927 1022 culti
939 974 1007 1021 solos
1018 971 1163 1036 possederis
1179 973 1246 1034 agri,
1260 974 1389 1023 Quantum

299 1067 342 1101 ros
354 1052 507 1115 subjecerat,
522 1051 571 1100 nisi
580 1052 641 1100 bins
653 1066 683 1100 ac
695 1057 770 1100 terna
782 1065 827 1113 pa·
863 1049 912 1098 sub
919 1050 993 1098 Tatio
1003 1049 1113 1112 populus
1121 1043 1391 1096 Romanosisebebat!

299 1128 419 1176 trimooia
441 1127 545 1175 osoribus
564 1127 671 1190 siugulis
690 1126 826 1191 pependis·
864 1124 948 1174 Varro
958 1122 1010 1188 περὶ
1019 1127 1111 1185 punctu.
1128 1123 1208 1172 ‘Non
1220 1120 1251 1170 ot
1264 1119 1391 1169 thesauris

300 1201 379 1252 seut!
396 1204 506 1252 Beruort.
863 1213 914 1248 uon
936 1214 997 1248 curo
1018 1206 1110 1262 pectus
1129 1198 1250 1256 solutum,
1267 1196 1326 1244 Nou
1343 1193 1390 1242 de-

334 1278 411 1327 Rabri
432 1279 533 1341 littoris]
549 1279 601 1328 Seu
622 1277 761 1341 Erythraei.
794 1279 827 1327 in
864 1283 936 1325 munt
947 1276 1037 1324 animis
1047 1289 1161 1324 ourasac
1170 1272 1317 1335 relligiones
1327 1271 1391 1318 Per·

300 1366 333 1402 eo
343 1354 410 1402 enirn
422 1355 486 1404 rnari
497 1354 725 1417 prestantissimos
736 1352 825 1415 forma,
863 1367 946 1401 sarum
959 1359 1068 1414 montes,
1079 1365 1129 1399 uon
1141 1349 1208 1398 atriu
1219 1348 1306 1397 divitis
1318 1346 1390 1395 Croe·

300 1429 481 1491 crassitudine,
497 1439 525 1477 et
535 1429 623 1478 colore
634 1429 740 1477 uniones
753 1428 826 1476 iore·
864 1428 904 1477 si!
919 1429 994 1479 Idem·

300 1504 349 1552 uiri
371 1505 462 1554 scribit
479 1505 578 1553 Plinius
598 1519 654 1567 cap.
665 1507 706 1553 ³⁵.
722 1503 768 1552 lib.
784 1517 825 1551 rx.
897 1505 962 1553 Cure
979 1503 1089 1566 mordeo]
1106 1502 1184 1552 ovid.
1204 1515 1223 1551 u.
1240 1499 1272 1550 de
1292 1499 1390 1558 Ponto,

301 1578 461 1640 ‘Praecipue
472 1577 720 1639 sutemisudantor‚’
732 1578 825 1641 inquit,
864 1581 936 1642 Eieg.
953 1585 976 1630 l.
993 1584 1000 1608 ‘
1018 1579 1081 1628 Mea
1103 1583 1242 1642 perpetues
1270 1587 1388 1624 curarum

301 1655 391 1703 ‘circa
403 1654 524 1703 Arabiam
542 1653 567 1701 iu
582 1653 690 1702 Persico
701 1654 757 1703 sinu
768 1655 826 1702 Ma·
864 1662 970 1718 pectora
997 1669 1096 1703 morsus
1118 1653 1181 1702 Fine
1204 1651 1298 1716 quibus
1318 1652 1390 1701 urrllo

301 1729 336 1777 ris
349 1729 445 1779 Rubri!
464 1729 687 1778 Testis'libullus:
704 1729 826 1780 ‘Quidue
864 1727 1154 1779 conficianturlrabeut.'
1176 1727 1277 1776 Cornel·
1285 1727 1389 1776 Gallus:

301 1805 328 1853 iu
340 1806 475 1869 Erythraeo
486 1804 581 1867 legitur
597 1817 655 1867 qooe
665 1803 754 1852 littore
766 1817 827 1852 coo·
863 1805 898 1855 ‘J
902 1805 1005 1854 orabam
1018 1804 1085 1854 curis
1102 1803 1213 1852 animum
1224 1803 1390 1852 mordacibus

301 1879 373 1930 ebai'
406 1881 481 1929 Unde
501 1879 597 1942 passim
615 1877 681 1928 titos
698 1879 828 1943 ’zpwpuios
864 1880 922 1930 uri!
939 1882 1013 1931 ruem.

302 1957 404 2006 dicitur.
425 1955 511 2004 Vallia.
897 1956 1086 2020 Defunctumque
1104 1958 1167 2005 leues
1185 1970 1231 2004 rou
1249 1955 1391 2004 comitantur

335 2032 414 2080 Rubri
434 2029 526 2092 utorio]
542 2029 575 2080 Q.
598 2029 712 2090 Curtius,
733 2029 777 2079 lib.
799 2044 827 2079 x.
864 2033 928 2096 opes]
943 2031 1096 2096 Propertius
1107 2032 1153 2081 lib.
1164 2045 1207 2081 ur.
1225 2031 1333 2092 Eleg.ti.
1351 2047 1389 2080 vs.

300 2108 414 2156 ‘Cetera
421 2103 682 2154 iucolis'crediderat:
693 2105 762 2153 inter
768 2120 826 2169 quae
865 2111 906 2157 85.
923 2108 931 2136 ⁴
946 2107 1022 2156 Haud
1035 2108 1098 2156 ullas
1111 2106 1224 2170 portabis
1234 2103 1389 2170 oposAcbe-

302 2183 418 2232 Rubrum
426 2183 558 2231 Marenou
571 2181 681 2230 acolore
692 2180 827 2242 undarum,
864 2183 945 2231 rootis
957 2181 989 2230 sd
1009 2183 1103 2230 undasr
1122 2180 1214 2230 Nudus
1227 2181 1258 2228 ad
1279 2178 1390 2229 infernas

301 2259 457 2323 utplerique
466 2256 667 2317 crederent‚sed
675 2255 707 2305 ab
716 2257 827 2319 Erythro
864 2258 943 2308 stulte
955 2256 1146 2306 vehererates!
1177 2256 1238 2305 Huc
1257 2256 1390 2304 commode

301 2350 364 2398 rege
376 2332 518 2398 appellari!
550 2332 696 2381 Martianus
709 2331 828 2394 Capella,
866 2334 962 2383 referes
977 2333 1142 2398 Epigramma
1159 2331 1277 2393 Ausonii,
1296 2333 1390 2395 inquo

301 2411 397 2460 lib.vr.
430 2411 473 2458 De
485 2409 568 2471 Nupt.
580 2407 649 2456 Pbil.
666 2407 766 2456 ‘Ultra
777 2407 828 2455 Pe·
865 2409 994 2472 Diogenes
1018 2410 1132 2459 Croesum
1156 2409 1266 2457 omniurn
1289 2407 1390 2471 Regum

301 2486 426 2534 lusiacom
444 2485 536 2535 ostium
548 2483 645 2532 Arabis
658 2490 709 2545 est,
726 2482 758 2530 ad
777 2483 827 2531 Ru·
865 2485 1018 2536 ditissimum
1029 2485 1140 2534 deridet.
1157 2485 1232 2534 idem.

302 2561 376 2612 brunr
399 2561 548 2624 pertingens
570 2558 655 2619 Mare,
671 2557 739 2621 quod
764 2557 828 2620 Ery·
898 2562 991 2610 Pnoss
1002 2565 1026 2612 d.
1042 2562 1089 2611 Sed
1099 2559 1244 2622 dignitates]
1256 2560 1391 2612 Quomodo

301 2636 410 2684 tbrasum
430 2635 463 2682 ab
478 2633 590 2695 Erythro
606 2647 677 2694 rege,
694 2632 782 2681 Perse
800 2638 828 2680 et
865 2633 1020 2685 Aristoteles
1036 2650 1097 2698 erga
1111 2636 1222 2683 bonores
1237 2643 1265 2684 et
1280 2635 1391 2698 dignita-

301 2707 473 2759 Andromedae
493 2707 555 2769 tilio,
571 2708 723 2768 vocitatum,
746 2721 762 2753 a
783 2721 826 2755 co·
865 2715 906 2758 tes
917 2709 1023 2758 aiiectus
1041 2708 1131 2770 fuerit,
1148 2709 1225 2758 docet
1236 2709 1326 2760 AElian.
1344 2709 1392 2758 lib.

301 2786 356 2833 iore
367 2784 445 2832 etiam
453 2783 548 2832 dictum
557 2782 672 2831 rubrum.
692 2782 761 2831 Nam
769 2780 826 2830 sous
865 2796 923 2832 xro.
939 2785 1040 2835 Verior.
1052 2784 1152 2833 Histor.
1172 2800 1230 2847 cap.
1243 2790 1266 2833 l.
1282 2786 1358 2834 Idem.

302 2868 344 2909 ost
363 2860 389 2908 in
407 2859 492 2922 litore,
507 2871 584 2922 quem
600 2872 659 2905 cnm
674 2871 766 2920 greges
789 2857 827 2906 bi·
901 2861 967 2909 Unde
978 2861 1086 2909 Catullus
1096 2861 1152 2908 licet
1163 2860 1187 2907 iu
1198 2861 1273 2908 curuli
1286 2861 1392 2908 Nouium

301 2935 397 2997 beriot,
412 2934 439 2982 io
457 2933 560 2982 rubrum
575 2932 689 2981 colorem
700 2931 828 2994 incipiunt
864 2937 989 2996 musteus,
1006 2941 1121 2984 strumum
1138 2935 1256 2997 appellor}
1269 2935 1328 2984 Non
1345 2935 1392 2983 dur·

301 3018 403 3059 mutare
413 3007 503 3058 lanas.'
525 3009 625 3058 Seneca
634 3007 661 3056 in
670 3007 777 3070 Tbyest.
789 3023 826 3057 r.
864 3010 908 3060 bie
933 3011 1054 3074 intelligit
1090 3010 1186 3060 Catulli
1222 3023 1322 3070 versus,
1348 3008 1390 3059 Ao

302 3090 360 3136 tro.
381 3086 394 3114 ·‘
410 3086 463 3136 Qui
485 3084 555 3134 rubri
578 3083 643 3132 rods
664 3082 757 3146 litoris,
772 3082 828 3132 Aut
866 3085 1291 3149 seipsumdestrunraetVatinio:
1306 3085 1391 3138 ‘Quid

302 3161 408 3222 gemmis
426 3174 498 3209 marc
516 3159 629 3208 lucidum
644 3159 710 3207 Late
725 3158 827 3221 sangui·
866 3169 917 3222 est,
940 3162 1052 3223 Catulle,
1082 3162 1142 3226 quid
1166 3161 1273 3210 moraris
1294 3161 1393 3210 emori?

302 3249 378 3283 neum
388 3239 496 3284 teuent.’
512 3234 630 3283 Tibullus
639 3233 683 3282 lib.
691 3247 729 3280 ιν.
741 3233 827 3281 Carm.
865 3236 935 3284 Selia
946 3238 971 3282 in
985 3237 1067 3284 curuli
1077 3237 1179 3285 Sironis
1189 3236 1288 3284 Nouius
1299 3235 1393 3286 sedet!

301 3314 327 3360 2.
336 3311 344 3337 ⁶
354 3311 527 3374 Quascunqoe
535 3309 609 3371 niger
620 3307 698 3355 rubro
709 3306 742 3353 de
751 3307 827 3354 litore
865 3308 902 3357 At
914 3309 1044 3356 videamus
1058 3319 1153 3370 tamen,
1168 3323 1200 3358 ne
1212 3310 1338 3372 guttulam
1350 3311 1392 3359 hic

255 3390 259 3398 ’
302 3386 411 3435 cooclros
424 3384 561 3434 Proximos
570 3383 630 3433 Eois
639 3382 737 3444 colligit
747 3381 827 3431 Indus
865 3386 979 3438 hauserit
998 3401 1012 3434 e
1028 3384 1133 3434 flumine
1143 3387 1239 3434 Lethes
1257 3387 1297 3436 vir
1313 3387 1394 3436 moxi·
1420 3401 1422 3408 ’

304 3462 395 3526 aquis!
412 3462 500 3511 Sitzm.
866 3475 936 3510 mus:
954 3461 1049 3511 seimus
1060 3461 1163 3526 qrridenr
1175 3462 1301 3526 quodnam
1310 3461 1393 3511 morbi

338 3538 448 3599 Raroque
457 3542 552 3585 centeso
566 3537 659 3586 scindat
673 3535 750 3598 opius«
760 3535 828 3598 boos]
867 3552 945 3601 genus
961 3539 1084 3606 vitiumve
1094 3546 1190 3588 strumo
1202 3545 1286 3599 notet,
1302 3537 1348 3588 sed
1364 3547 1394 3588 et

301 3611 400 3659 Seneca
417 3612 442 3658 in
460 3612 556 3660 Troad.
577 3624 650 3659 versu
668 3615 740 3660 1⁰2⁰.
756 3613 764 3639 ‘
778 3612 829 3659 Re·
867 3613 929 3662 illud
941 3629 991 3662 nou
1000 3614 1144 3677 ignoramus
1154 3614 1267 3664 Plinium
1276 3616 1308 3665 de
1316 3615 1394 3679 Opaii

301 3690 405 3732 moreto
428 3691 532 3732 centum
554 3685 625 3732 Rura
646 3686 690 3747 qui
710 3686 829 3734 scindant
867 3704 966 3749 gemme
989 3688 1032 3736 lib.
1055 3702 1166 3739 xxxvii.
1189 3704 1247 3754 cap.
1268 3696 1293 3740 (i.
1313 3691 1392 3754 sorip·

300 3759 422 3824 opulenta
433 3758 522 3819 bobus,
532 3758 646 3820 Pauperi
656 3767 762 3821 surgent
774 3760 828 3808 aui·
867 3763 945 3812 sisse:
964 3765 971 3790 ‘
983 3763 1117 3828 Siquidem
1126 3771 1199 3814 extat
1210 3765 1337 3830 hodieque
1349 3768 1393 3816 bu·

299 3837 337 3886 uri
351 3833 488 3899 jacentes!
505 3836 531 3883 in
552 3833 696 3898 Hippolyto
716 3849 754 3885 vs.
770 3839 828 3885 497.
861 3838 905 3902 jus
915 3839 1016 3902 generis
1028 3855 1137 3903 gemma,
1152 3849 1345 3904 propterquam
1359 3842 1392 3891 eb

298 3916 311 3946 =⁴
324 3913 408 3975 Fruge
425 3926 473 3960 oee
484 3909 566 3973 sparsi
577 3924 651 3959 secra
662 3909 780 3959 centena
790 3911 828 3959 ni·
867 3915 1153 3980 Antonioproscriptus
1170 3919 1270 3968 Nonius
1289 3924 1393 3970 senator

300 3989 343 4037 rei
363 3989 431 4037 colla
448 3987 601 4037 submittunt
618 3985 713 4035 boves!
746 3988 829 4036 Enco-
867 3997 916 4054 est,
931 3991 998 4041 iiiios
1011 3994 1122 4042 Strumae
1136 3994 1223 4056 Nonii,
1242 3994 1298 4056 eJos
1315 4009 1393 4059 quem

300 4065 379 4113 sulum
391 4065 489 4113 numeri
507 4064 649 4114 centenarii
663 4063 743 4114 babes
758 4065 828 4129 apud
867 4068 983 4118 Catullus
996 4069 1072 4132 poiits
1090 4070 1114 4116 iu
1131 4069 1199 4117 seila.
1211 4070 1294 4118 curuli
1311 4071 1393 4122 risum

301 4141 432 4190 bulianum
455 4140 641 4204 Imperatorem
670 4142 755 4205 Epist.
785 4146 827 4192 24.
865 4142 969 4208 indigne
982 4144 1067 4194 tulit:’
1082 4153 1113 4193 ot
1129 4144 1223 4194 merito
1235 4146 1393 4211 ambigasau

303 4216 378 4264 ldesr.
866 4220 921 4269 siue
940 4222 993 4270 ulla
1007 4219 1296 4282 metaphorubouriuem
1315 4211 1395 4273 nomi·

301 4317 305 4325 v
336 4289 388 4338 Nee
398 4304 455 4339 erro
465 4294 563 4341 mordax
573 4293 827 4356 deseritruperstitem]
866 4295 1111 4357 natitent‚oilos,an
1124 4295 1258 4358 glandulas
1271 4311 1392 4361 respexe-
