3184 4959
305 401 371 467 406
655 415 762 462 norm
787 413 987 463 vauronnu
1012 415 1052 462 ru

305 560 381 618 llbro,
398 530 529 605 Prosa'ur.
545 556 554 584 ‘
564 554 592 604 Si
604 555 661 619 quis
672 568 757 604 rerum
767 568 833 604 rnor·
870 553 1004 616 temporls,
1021 560 1050 603 ut
1069 552 1152 603 nullus
1169 553 1297 604 habeatur
1315 553 1395 615 magis

306 635 397 685 talium
408 632 520 682 fructna'
536 633 629 696 iuquit,
643 632 652 660 ‘
660 635 739 681 ullum
751 633 831 681 beati·
870 631 971 690 nobilis,
980 645 1056 694 quarn
1065 631 1297 694 quiestplurinrum
1306 627 1397 680 dives!

305 708 401 758 tudinis
415 707 515 770 pondus
525 707 614 767 lrabet,
624 708 752 769 poteritne
764 708 831 754 illins
871 705 919 754 His
931 706 991 754 addi
1005 713 1110 768 possunt
1122 713 1211 756 notata
1220 706 1253 754 ab
1264 704 1345 754 Andr.
1354 704 1397 752 'l'i-

305 784 429 832 rnemoria
437 784 502 831 lucis
513 781 701 845 quantumlibet
710 781 832 843 ingruen·
870 783 984 844 raquello
996 783 1021 829 in
1032 783 1089 831 Lib.
1098 782 1130 830 de
1141 781 1293 841 Nobilitate,
1304 793 1361 842 cap.
1371 783 1396 829 3.

305 858 370 906 tium
381 858 505 906 malornm
517 859 583 904 mole
594 856 684 916 deleri,
697 871 755 905 cnm
767 857 831 904 daos
870 864 898 904 et
917 860 955 904 25.
973 857 998 903 in
1018 856 1110 920 quibus
1129 861 1249 904 accurato
1271 854 1395 917 inquirit,

304 933 405 995 pariter
426 933 545 981 consules
568 931 664 979 liberos
682 939 739 980 tuos
755 931 832 980 domo
870 929 931 978 ‘Au
954 931 1056 993 generis
1075 930 1197 993 splendor
1216 929 1340 992 perdatur
1362 925 1397 978 ob

304 1008 412 1071 provehi
423 1008 471 1056 sub
489 1006 635 1070 frequentia
655 1014 767 1068 patrum,
783 1005 832 1054 sub
871 1005 1077 1068 paupertatem?¹
1094 1005 1168 1055 Idem.

302 1083 387 1146 plebis
398 1083 532 1130 alacritate
543 1081 645 1130 vidistit
661 1095 719 1130 curn
734 1081 833 1130 eisdem
905 1081 983 1128 Ortus
993 1081 1085 1144 literis]
1101 1081 1215 1129 Theseus
1227 1079 1259 1128 ad
1268 1079 1360 1128 Senec.
1370 1078 1396 1126 in

302 1157 330 1205 in
340 1158 413 1205 curia
421 1159 524 1205 curules
532 1156 711 1216 insidentibus,
720 1163 746 1203 tu
754 1155 833 1216 regiae
870 1155 951 1218 Hipp.
970 1171 1007 1207 vs.
1018 1160 1090 1204 1248.
1107 1156 1115 1182 ‘
1128 1155 1152 1204 0
1166 1155 1240 1203 triste
1250 1153 1343 1202 fractis
1355 1165 1396 1200 ot-

303 1233 385 1280 laudis
397 1240 493 1293 orator,
509 1231 605 1294 ingenii
622 1231 729 1292 gloriam
741 1228 831 1278 facun-
869 1230 936 1279 bitas
953 1231 1025 1279 annis
1036 1228 1147 1278 malum.’
1180 1229 1333 1280 Quintilian.
1344 1229 1397 1276 De·

304 1305 405 1370 dieque
415 1306 531 1355 meruisti
540 1306 559 1353 ,θ’
585 1305 651 1353 Haec
663 1311 746 1363 certa,
754 1304 831 1365 clara,
869 1305 971 1354 clamat.
982 1310 1007 1353 6.
1024 1305 1032 1332 ‘
1044 1303 1111 1354 Quid
1124 1318 1172 1365 ego
1184 1309 1300 1364 putarem
1317 1302 1343 1350 in
1355 1315 1397 1350 re·

303 1397 353 1432 nec
369 1383 473 1431 dubium
492 1383 554 1446 quin
566 1395 627 1430 vere
639 1380 763 1429 Consules
775 1376 830 1426 l'ne·
867 1395 922 1428 rum
935 1386 1025 1428 natura
1034 1393 1109 1442 posse
1122 1377 1240 1442 reperiri,
1250 1377 1319 1440 qnod
1328 1377 1397 1426 orbl-

303 1458 365 1506 riut.
398 1458 470 1506 Fasti
487 1457 550 1505 sinit
566 1464 679 1515 movent,
698 1469 756 1503 cum
772 1455 830 1502 lieri
866 1461 922 1502 tate
933 1455 1050 1503 acerbius
1063 1453 1188 1503 videturi'
1210 1454 1293 1501 Vetu
1305 1464 1396 1515 super·

301 1534 384 1596 possit
396 1540 424 1581 ut
436 1531 538 1580 suffecti
550 1529 649 1580 fuerint
660 1543 710 1578 non
727 1528 829 1576 ordina·
866 1531 939 1578 stitio
951 1530 976 1578 iu
990 1531 1071 1578 tutela
1083 1530 1197 1578 Orbonae
1209 1527 1314 1577 orbatos
1331 1527 1396 1576 libe·

302 1609 334 1656 rll
352 1608 484 1668 Consules,
501 1618 550 1654 neo
568 1605 659 1654 anirum
679 1604 740 1652 ideo
762 1603 783 1650 si
804 1605 829 1651 in
867 1605 902 1653 ris
914 1613 1100 1668 parentesesse
1111 1604 1232 1666 credidit,
1244 1604 1336 1667 dequo
1348 1602 1396 1652 alr·

301 1681 379 1730 fastis
409 1694 503 1729 nomen
531 1693 582 1728 non
610 1680 737 1728 rolatum:
765 1677 829 1726 illud
868 1681 960 1729 nobius
984 1682 1085 1731 1it›.rv.
1108 1680 1206 1729 Adver.
1223 1680 1331 1742 Gentes,
1347 1680 1396 1742 Cy·

301 1772 396 1807 nexum
407 1757 490 1818 injicit
501 1755 569 1820 quod
579 1756 647 1804 inter
659 1766 762 1816 pueros.
786 1755 832 1802 vi·
868 1757 971 1820 prianus
982 1757 1014 1804 de
1025 1755 1115 1804 Idolis.
1132 1756 1206 1804 Idem.

301 1833 385 1881 dimna
407 1833 511 1894 nodam,
538 1838 566 1880 et
592 1832 727 1879 solvemus.
762 1830 830 1877 Dum
901 1832 986 1879 Alieno
1007 1845 1099 1879 caunum
1119 1831 1198 1878 nutrit
1219 1829 1310 1891 heredi]
1335 1828 1393 1878 Hoc

300 1909 414 1957 moribus
432 1907 546 1970 antiquis
563 1907 638 1954 stetit
657 1919 697 1953 res
716 1905 831 1954 Romana
869 1921 949 1969 genus
961 1907 1064 1956 divitias
1076 1907 1215 1970 possessori
1233 1906 1325 1953 inrisas
1336 1919 1394 1952 ease

300 1983 413 2046 virisque
426 1983 540 2031 anuariae
559 1981 631 2043 leges
652 1981 767 2043 viguere,
782 1983 830 2030 sub
869 1984 905 2031 ait
918 1983 1045 2032 Pindarus
1057 1984 1163 2047 Olymp.
1174 1997 1202 2032 x.
1218 1981 1282 2030 Ἐπεὶ
1296 1981 1393 2029 daund-

301 2056 508 2119 lnrperatoribos
526 2054 594 2116 qnod
616 2054 692 2102 libuit
711 2069 780 2117 saepe
800 2057 830 2103 li·
866 2059 1022 2119 τοτδλαχὼν
1037 2057 1245 2119 aspernamus
1260 2056 1392 2120 ἀλλότριον,

301 2133 365 2181 enit.
397 2132 505 2180 Tacitus
514 2129 607 2178 Annal.
628 2143 647 2178 ι.
667 2131 710 2178 De
729 2129 830 2193 Augus·
867 2132 995 2182 Θνιίσιτοντι
1013 2134 1194 2196 στυγερώτατος.
1233 2136 1269 2184 Ει
1287 2133 1394 2184 Menan·

300 2218 337 2258 to.
354 2209 465 2256 ‘Caium
484 2221 515 2256 ac
535 2207 643 2255 Lucium
662 2209 687 2252 in
707 2205 829 2255 familiam
867 2208 914 2256 der
931 2208 1032 2256 tristem
1048 2222 1104 2256 esse
1123 2222 1176 2256 rem
1196 2209 1354 2270 pronuntiat,
1371 2208 1393 2256 si

301 2285 433 2333 Caesarum
451 2283 597 2343 induxerat,
614 2281 723 2329 necdum
744 2281 830 2343 posita
867 2284 922 2348 quis
933 2284 960 2331 in
971 2297 999 2331 re
1011 2284 1081 2332 lauta
1097 2283 1152 2332 sine
1167 2282 1264 2332 herede
1282 2295 1327 2330 suo
1338 2296 1392 2329 mo·
1415 2349 1426 2358 η

301 2361 395 2424 puerili
418 2365 545 2422 praetento
560 2357 692 2419 principes
705 2357 829 2419 juventu·
867 2360 956 2408 riatur.
986 2358 1111 2422 ὀδυνηρόν
1123 2359 1197 2422 ἐστιν,
1207 2359 1349 2418 εὐτυχοῦντα
1357 2357 1392 2418 τῷ

299 2435 335 2483 tis
368 2435 503 2497 appellari,
540 2433 665 2481 destinari
695 2432 829 2495 Consules,
866 2433 1012 2495 βίῳ,Ἔχειν
1028 2433 1110 2498 ἔρημον
1127 2434 1235 2496 διαδόχου
1249 2433 1293 2492 τὴν
1311 2431 1393 2482 οἰκίαν.

299 2510 386 2572 speeie
397 2507 541 2558 recusantia
552 2506 749 2569 flagrantissime
758 2507 829 2570 cupi·
866 2509 933 2558 Vide
943 2509 1027 2558 Andr.
1039 2511 1107 2559 Gall.
1123 2509 1168 2558 lib.
1181 2523 1199 2556 ι.
1220 2508 1392 2556 observation.

299 2583 393 2632 verat!
425 2581 828 2644 Qutidcupiverstiperfecerat.
867 2589 922 2633 122.
948 2584 1080 2647 Ejusmodi
1093 2583 1153 2631 'vero
1163 2581 1291 2630 fortunam
1302 2595 1393 2643 eaper-

297 2659 391 2708 Rornae
404 2659 559 2705 monmorde
571 2657 649 2704 Caio:
668 2658 762 2707 Quera-
775 2657 829 2704 Po-
866 2665 908 2706 tus
927 2666 968 2707 est
985 2657 1169 2717 Quintilianus,
1185 2657 1228 2719 qui
1247 2657 1271 2703 in
1284 2654 1392 2705 Pratat.

299 2743 393 2780 eunus.
416 2743 475 2778 cos.
500 2743 633 2779 cunnum.
655 2742 755 2778 anuos.
778 2743 828 2778 ιιι-
865 2732 910 2780 lib.
922 2747 960 2782 vr.
977 2733 1013 2780 ita
1025 2729 1152 2779 flebilibus
1164 2730 1246 2778 modia
1258 2731 1393 2794 conqueri·

298 2819 368 2856 nou.
386 2819 461 2854 xrrrr.
494 2805 613 2868 Denique
625 2814 654 2855 ut
664 2819 740 2855 omne
751 2806 830 2868 posti·
866 2815 923 2855 tur:
947 2805 1140 2866 transmisero,
1166 2805 1235 2853 sicut
1251 2803 1390 2853 facultates

298 2895 357 2931 oum
378 2881 519 2942 occludam,
540 2882 702 2943 Capitolinus
718 2883 744 2929 in
764 2881 829 2930 Gor·
866 2880 1013 2944 patrimonii
1028 2881 1118 2940 nostri,
1135 2880 1171 2929 ita
1188 2881 1236 2929 troc
1256 2894 1320 2943 opus
1336 2879 1392 2928 aliis

298 2956 378 3006 diano
390 2957 497 3020 juniore
514 2963 621 3005 exerte:
640 2958 692 3004 ‘Et
711 2957 753 3005 hic
770 2955 829 3004 finis
866 2971 993 3020 paramus,
1011 2957 1065 3004 aliis
1077 2956 1267 3020 relinquemus!
1284 2958 1360 3005 idem.

296 3032 361 3082 belli
372 3031 490 3080 intestini
506 3030 573 3091 tuit,'
589 3031 683 3095 inquit,
698 3033 707 3059 ⁴
720 3046 776 3080 cunr
788 3046 829 3080 es·
898 3034 969 3082 Alius
985 3034 1050 3096 prote
1068 3034 1171 3094 letatus,
1179 3031 1242 3096 filii,
1250 3031 1342 3096 filicae
1352 3034 1392 3081 de·

299 3114 342 3156 set
360 3108 463 3156 delatus
479 3107 611 3155 Gordiano
622 3107 830 3169 pneroconsnla·
866 3107 1034 3158 lictis‘nrartus
1042 3107 1181 3168 illumina]
1197 3109 1325 3171 Exempla
1341 3108 1391 3155 trare

298 3181 363 3229 tus?
395 3181 574 3231 Qnidharres?
591 3182 721 3243 principes
738 3197 766 3230 re
783 3188 829 3229 ant
866 3171 1024 3247 pertinentia
1045 3184 1105 3232 vide
1128 3184 1197 3245 apud
1226 3185 1263 3232 M.
1295 3183 1391 3232 Antan.

299 3254 473 3304 destinatione
496 3255 547 3315 isti,
567 3256 635 3303 scio:
652 3256 698 3301 sed
721 3259 749 3303 et
768 3255 829 3304 ideo
864 3259 995 3307 Muretum
1013 3258 1040 3305 ln
1054 3258 1147 3306 Ettrica
1158 3257 1307 3308 Aristotelis
1322 3257 1392 3306 «libro

300 3332 392 3380 eadem
411 3331 461 3379 ista
478 3331 562 3378 Prusa
580 3343 624 3379 ιιι.
652 3329 828 3392 Plrilosoplria,
864 3333 947 3394 primo
966 3339 994 3382 et
1013 3347 1070 3394 qum
1087 3332 1182 3380 notabo
1193 3330 1260 3380 infra
1271 3332 1304 3380 ad
1316 3333 1392 3381 Pros.

298 3405 422 3454 eximium
447 3405 516 3454 hnuc
536 3406 659 3454 honorem
679 3403 829 3466 respiciens,
866 3421 914 3458 ιιι.
930 3407 976 3457 lib.
988 3421 1031 3456 ιιι.
1048 3407 1122 3456 Idem.

299 3481 632 3546 ‘Munns,'iuquit,‘quod
644 3481 706 3529 nulli
716 3494 828 3544 unquam
897 3475 977 3532 Beata
997 3496 1047 3531 sors
1069 3482 1144 3530 omnia
1159 3486 1194 3530 est
1216 3481 1392 3545 oequonimitnts

300 3559 405 3621 privato
439 3558 656 3621 commodaverat,
678 3557 828 3607 abstulisti?
864 3559 997 3621 tolerantis]
1013 3557 1174 3607 Prudentius
1192 3556 1219 3605 in
1236 3558 1393 3621 Ptychoma-

302 3634 420 3681 Beruart.
754 3644 760 3652 ·
864 3633 1391 3697 clriaitaloquentemintroducitl’atien·

335 3708 358 3755 0
368 3711 393 3755 te
404 3706 427 3754 ai
439 3710 480 3752 tao
498 3705 557 3753 tono
571 3719 704 3765 cognocens,
717 3706 826 3769 saliceto]
864 3710 941 3758 tiam:
957 3711 1030 3757 ‘Lex
1041 3709 1121 3758 habet
1131 3708 1200 3757 istud
1213 3709 1324 3758 Nostra:
1347 3723 1391 3771 ge·

300 3781 375 3843 Virg.
387 3794 419 3829 ιι.
431 3779 527 3840 Georg.
537 3793 574 3828 vs.
584 3783 626 3827 tu.
636 3784 693 3827 468.
721 3783 729 3808 ⁴
742 3780 767 3829 Ο
776 3780 828 3828 for·
864 3797 911 3831 nus
922 3783 993 3844 belli,
1001 3783 1102 3844 Furias,
1111 3793 1261 3846 omnemque
1269 3783 1391 3830 malornm

299 3863 407 3907 tnnatos
419 3853 535 3915 nimium,
551 3867 597 3901 sna
613 3853 634 3902 si
652 3853 722 3902 bona
732 3853 827 3917 norint,
864 3857 997 3919 Militiam,
1017 3864 1045 3907 et
1067 3858 1171 3907 rabidas
1190 3855 1324 3905 tolerando
1344 3870 1390 3904 ex-

300 3932 435 3993 Agricolas
442 3930 458 3977 l’
475 3929 560 3978 Situm.
864 3931 986 3994 tinguere
995 3932 1081 3983 vires!
1098 3933 1172 3982 Idem.

334 4006 407 4054 Hunc
418 4005 528 4054 nobilitas
538 4010 618 4054 notum
621 4005 697 4065 jacit,
706 4006 748 4053 sed
758 4004 827 4066 ong.]
861 4025 864 4032 ¹
902 4007 1108 4057 Amaritnclinilnn
1134 4007 1241 4056 tamone
1261 4005 1390 4066 sentientia

301 4079 462 4129 Menander:
489 4081 598 4130 nwloo'
621 4081 702 4142 ἄτιμον
723 4081 763 4130 aot
784 4081 828 4130 riv
863 4085 957 4131 dulcedo
979 4081 1148 4146 resperserat]
1186 4081 1237 4131 Ma.
1261 4081 1389 4132 Ritterslr.

300 4153 384 4213 alterii
409 4157 477 4204 ττιεῖ.
515 4157 631 4206 salvian.
650 4159 694 4206 lib.
715 4171 761 4206 ιιι.
786 4158 826 4204 De
864 4158 1062 4206 amaritudinibus
1082 4155 1139 4203 oitoe
1158 4155 1265 4204 humana
1282 4171 1389 4220 reperta

301 4226 370 4278 an.
382 4228 448 4279 Dei:
467 4229 569 4278 ‘Tanta
583 4235 623 4280 est
639 4231 743 4280 miseria
753 4231 827 4294 trojan
863 4240 899 4282 eat
908 4236 1011 4284 dulcedo.
1035 4231 1170 4284 Lucretius
1182 4234 1331 4298 elegantias.
1341 4233 1385 4282 lib.
