3184 4959
302 397 368 460 45⁰
655 399 762 449 uorsa
787 395 988 446 vaatonuu
1013 394 1052 440 m

305 555 427 606 miserum
438 551 568 612 vilemque
580 543 726 596 calcamus!
742 533 818 594 Idefu.
869 538 952 588 cades
971 535 1077 600 optimis
1094 533 1166 594 viris,
1186 545 1250 597 qaas
1271 529 1329 580 urbi
1348 530 1397 594 ipsi

336 633 467 691 duratusque
482 627 538 675 tatu
559 624 655 672 crimea
673 620 761 684 iniqui]
785 619 831 666 Sc·
868 613 1030 662 calamitates
1050 607 1224 673 importariut.
1257 606 1289 655 Id
1310 607 1398 670 legera

304 721 364 755 nee.
374 706 402 754 iu
413 704 542 766 Hippus.
553 704 611 748 981.
628 697 736 746 ‘Tuistis
748 696 830 744 virtus
869 697 909 738 est
921 687 989 752 apud
1007 687 1151 736 Isocratem
1167 685 1267 747 passim,
1289 691 1317 730 et
1336 683 1399 730 Plu·

304 794 427 846 perversa
449 779 508 826 tulit
524 775 637 825 Praemia
654 772 738 822 recti.'
766 772 832 819 Lac·
870 765 986 814 tarcuuuu
1004 763 1030 810 in
1048 763 1156 810 istorum
1172 758 1399 820 lupmmduvitis:

305 865 375 908 taut.
390 856 435 904 lib.
447 855 479 905 de
491 854 534 902 Ira
545 853 607 912 Dei,
626 865 685 913 cap.
697 853 737 898 lu.
752 848 831 895 ιΡιις-
868 839 1033 901 referturque
1059 835 1129 899 apud
1151 833 1321 884 Aristotelem
1352 831 1398 879 tib.

304 947 404 997 runque
420 929 542 980 scelerati
565 927 695 976 feliciores
714 932 784 984 stunt,
804 930 832 971 et
869 915 976 964 Politia.
986 927 1017 963 11.
1032 913 1111 961 Solon
1122 910 1233 958 maxime
1250 906 1340 970 populi
1352 920 1399 968 po·

304 1009 365 1058 lsoui
375 1005 532 1065 miseriores,
547 1009 575 1051 et
589 1001 656 1065 justi
672 999 706 1048 ab
728 997 831 1061 injustis
871 991 978 1040 tentiam
987 989 1100 1048 auxisse,
1115 985 1146 1034 ud
1153 981 1290 1045 δικαστήρια
1299 979 1399 1038 ποιήσιος

304 1087 410 1148 impune
420 1083 564 1131 vexentur!
596 1075 696 1127 Confer
707 1077 832 1123 Senecam
870 1067 897 1114 lu
906 1063 1007 1115 rumas.
1024 1061 1074 1111 ἐπεὶ
1082 1060 1129 1125 γὰρ
1137 1059 1202 1109 τοῦτ’
1213 1059 1307 1120 ἴσχυεν,
1318 1057 1396 1118 ὥσπερ

306 1163 417 1212 alterum
430 1159 461 1206 de
469 1155 646 1206 Providentia.
666 1153 740 1200 Idem.
869 1139 972 1204 τυράννῳ
981 1142 1015 1201 τῷ
1025 1137 1089 1200 δήμῳ
1099 1135 1258 1200 χαριζόμενοι,
1274 1132 1318 1190 τὴν
1329 1139 1398 1180 πολι-

345 1237 450 1284 Miseros
466 1232 554 1295 respice
574 1228 662 1291 imos]
689 1228 782 1276 Senoo.
807 1224 833 1272 in
870 1216 935 1266 ueto
954 1215 986 1265 eis
1002 1215 1048 1274 mla
1058 1216 1098 1263 νῦν
1116 1208 1273 1274 δημοκρατίαν
1283 1205 1401 1264 κατέστη·

288 1311 368 1360 -OEd
387 1325 423 1359 rs.
436 1312 492 1358 112.
510 1305 623 1355 ‘Viduas
634 1302 730 1352 colonis
742 1299 832 1362 Respi·
871 1307 924 1340 συν.
958 1291 991 1338 ld
1010 1296 1061 1354 est,
1083 1288 1159 1337 ‘dum
1178 1285 1277 1334 nullum
1298 1297 1349 1331 nou
1367 1283 1400 1330 ad

305 1389 343 1436 cis
356 1378 706 1435 torrasmuerandauusua:
739 1375 834 1424 Horat,
872 1367 1127 1431 causasjudicaudas
1140 1363 1265 1415 admittit.
1292 1363 1401 1410 Postea-

305 1465 351 1513 lib.
360 1479 380 1513 1.
392 1463 478 1512 Carsu.
487 1457 538 1507 0d.
549 1470 582 1504 11.
600 1451 833 1514 ‘Sieeuegleotam
872 1459 947 1509 quam
959 1442 1027 1493 enim
1045 1442 1072 1491 id
1084 1441 1202 1501 invaluit,
1220 1439 1328 1502 populo,
1348 1445 1404 1486 tan·

306 1553 387 1601 genos
407 1547 436 1586 et
453 1538 562 1596 nepotes
583 1528 703 1592 Respicis
725 1523 834 1576 auctor?
871 1535 946 1584 quam
956 1525 1074 1583 tyranno,
1083 1515 1270 1580 gratificantes,
1280 1513 1401 1576 rempub-

306 1616 383 1664 fflem,
871 1596 947 1644 licam
959 1595 985 1642 io
996 1609 1062 1656 eam,
1074 1607 1130 1656 quae
1147 1605 1216 1639 uuuc
1227 1589 1402 1651 est,multitu·

341 1689 472 1738 Pnousfi.
506 1683 566 1732 Hoee
587 1681 627 1730 ubi
643 1679 778 1728 mtiuuuto
794 1677 833 1724 do·
872 1668 939 1717 dinis
950 1673 1109 1732 potestatem
1126 1665 1291 1730 perduxere!
1324 1663 1424 1715 Quod'

307 1759 506 1822 eufemiamque]
539 1759 605 1807 Mos,
626 1755 747 1804 alumni,
791 1752 835 1800 lta
872 1746 910 1794 ita
920 1746 967 1794 lib.
981 1759 1020 1792 tv.
1041 1750 1184 1804 aversatur,
1203 1748 1232 1790 ut
1246 1755 1305 1790 eum
1325 1739 1400 1802 Reip.

307 1839 393 1900 Apelt.
407 1837 461 1888 lib.
471 1849 492 1883 1.
511 1833 592 1882 Noct.
612 1831 724 1880 Atticm.
743 1831 835 1889 capp.
872 1825 969 1868 statum
981 1817 1111 1881 tyrannidi
1122 1819 1264 1878 comparet.
1298 1813 1343 1862 Kal
1360 1811 1401 1860 ἔο-

307 1909 542 1962 ‘Tueorematibus
563 1912 663 1955 tautum
691 1903 835 1964 nugalibus,
870 1911 908 1943 τιν
924 1895 937 1942 ὁ
953 1895 1058 1942 τοιοῦτος
1074 1894 1144 1953 δῆμος
1161 1889 1278 1950 ἀνάλογον
1297 1892 1344 1937 τῶν
1361 1907 1402 1948 μοι

308 1996 338 2038 et
348 1987 487 2052 puerilium
498 1985 666 2045 Isagogarum
677 1985 835 2029 commeata-
871 1972 972 2032 uupxtciv
984 1970 1017 2034 τῇ
1026 1967 1149 2032 τυραννίδι.
1165 1964 1249 2015 διὸκαὶ
1263 1963 1293 2013 ul
1308 1963 1361 2022 ἦθος
1372 1964 1402 2012 als

308 2063 421 2112 tionibus
454 2059 619 2119 dilatrautes,
655 2053 834 2118 objurgatione
871 2037 1401 2106 1111111ιμφοιεσπυιικὲτῶνβελτιόνυν.

306 2141 379 2202 justa
391 2133 533 2185 incessuil!
551 2134 626 2181 ldeou.
871 2121 912 2170 11111
920 2121 952 2170 ud
961 2120 1109 2184 ψηφίσματα,
1119 2119 1195 2182 ὥσπερ
1206 2118 1255 2166 ἐκεῖ
1262 2116 1294 2165 τὸ,
1304 2113 1400 2176 ἐπιτάγ-

342 2214 407 2274 Neu,
418 2210 455 2260 ute'
466 2207 657 2270 Atheniensium]
674 2205 745 2255 Male
755 2204 789 2254 ob
809 2203 836 2252 td
871 2210 942 2258 ματα·
952 2197 991 2246 καὶ
999 2198 1012 2244 ὁ
1020 2194 1167 2258 δημαγωγὸς,
1175 2193 1213 2242 aul
1222 2195 1235 2240 d
1244 2192 1323 2254 κόλαξ,
1330 2191 1352 2238 ol
1362 2191 1402 2238 ad-

308 2290 458 2353 frequenter
466 2285 575 2336 audiunt
583 2282 761 2344 Athenienses,
768 2279 837 2344 quod
871 2275 909 2324 rol
920 2275 959 2324 eal
969 2273 1092 2335 dedamus.
1107 2271 1146 2322 sal
1160 2265 1402 2332 amusaeterum

309 2381 360 2415 nou
371 2365 462 2413 saltem
474 2361 627 2424 depulsione
644 2358 739 2406 civium
756 2356 837 2404 bene·
872 2355 924 2418 rap
937 2351 1054 2417 ἑκατέροις
1065 2351 1196 2414 ἰσχύουσιν.
1213 2348 1235 2398 ol
1244 2346 1288 2409 μὲν
1295 2345 1403 2406 κάλυκες,

309 2443 462 2491 meritorum
473 2438 555 2487 laetati
571 2434 679 2496 fuerint,
696 2431 836 2481 sedetiam
872 2430 934 2494 rapt
944 2428 1069 2493 τυράννοις·
1092 2428 1114 2476 ol
1131 2425 1157 2475 δὲ
1174 2423 1319 2485 δημαγωγοὶ,
1340 2419 1403 2484 παρὰ

310 2529 362 2564 nou
381 2529 440 2562 rure
455 2526 501 2560 eos
520 2511 585 2559 mori
608 2507 752 2570 clegerint·
784 2505 836 2551 Ex·
872 2504 1185 2567 roisdfrpossroisrosofrois.
1195 2497 1351 2549 Αἵτιοιδέιὶσι
1359 2497 1404 2544 τοῦ

311 2591 398 2650 empla
415 2594 475 2635 suut
486 2585 569 2634 ubivis
580 2583 670 2632 obvia:
689 2588 717 2629 et
733 2580 767 2627 de
786 2578 837 2626 Os·
873 2580 930 2630 sluaa
940 2581 972 2649 ud
982 2579 1122 2642 ψηφίσματα
1133 2575 1207 2640 κύριοι,
1219 2575 1284 2623 ἀλλὰ
1299 2573 1332 2634 μὴ
1348 2571 1404 2621 τοὺς

311 2663 433 2711 tracismo
450 2662 564 2723 ipsoram
585 2657 663 2704 etiam
681 2654 837 2703 Aristoteles
873 2656 956 2716 νόμους
974 2651 1048 2714 οὗτοι,
1070 2651 1148 2700 πάντα
1169 2649 1296 2710 ἀνάγοντες
1314 2648 1346 2698 sis
1361 2648 1404 2697 τὸν

312 2737 366 2800 agit
376 2737 403 2784 in
415 2735 541 2796 Politicis.
561 2733 634 2780 idaim
873 2735 954 2793 δῆμον.
988 2731 1020 2779 Id
1041 2735 1091 2788 est,
1109 2727 1350 2788 ‘Propontioueque
1362 2738 1403 2772 re·

342 2809 532 2872 Atheniensium]
564 2808 731 2878 Areopagum
759 2803 838 2851 S⁰l⁰¹¹
875 2806 986 2870 spondet
1005 2801 1150 2866 husjusmodi
1168 2800 1294 2862 Populus,
1318 2813 1333 2846 e
1355 2813 1402 2846 uu-

311 2903 345 2939 ox
353 2886 523 2950 optimatibus
535 2881 717 2947 primariisque
730 2877 838 2926 Atheni·
874 2895 945 2931 mero
962 2878 1165 2943 principatuum,
1183 2873 1339 2936 Tyrannidi:
1357 2888 1404 2921 un.

312 2961 488 3022 ensiumv‘rtiu,
499 2958 593 3008 civium
603 2953 726 3016 suffragio
736 2952 838 3013 electis,
876 2958 1056 3006 deotmarus
1077 2953 1154 3000 iidem
1174 2957 1250 2999 sunt:
1273 2950 1401 3012 amboque

313 3037 437 3088 constitui
449 3035 619 3097 componique
638 3028 776 3093 probavit:
793 3027 839 3076 sed
875 3035 901 3082 ui
914 3040 998 3081 statas
1014 3030 1179 3078 donunantur
1193 3027 1355 3074 melioribus:
1374 3032 1402 3073 et

311 3128 345 3162 na
365 3114 383 3160 ii
403 3110 556 3160 insolentius
578 3121 635 3156 sese
656 3110 778 3167 gererent
795 3108 840 3151 aut
877 3107 1016 3172 plebiscita
1028 3113 1096 3165 satu,
1114 3110 1143 3153 nt
1154 3112 1181 3152 et
1194 3102 1246 3151 illic
1258 3101 1357 3150 edicta:
1376 3109 1403 3147 et

313 3186 478 3250 tyrannidem
490 3189 652 3246 aestimarent,
663 3182 759 3243 populo
769 3179 840 3240 judi·
876 3184 919 3246 qui
947 3181 1104 3229 multitudini
1140 3178 1281 3238 blanditur,
1311 3185 1339 3224 et
1365 3185 1404 3238 ty·
1463 3184 1465 3188 ·

315 3261 392 3319 tandi
414 3259 585 3322 judicumque
612 3257 719 3304 aliorum
736 3253 840 3315 judicia
878 3256 951 3303 ranui
968 3260 1112 3302 assentator
1132 3251 1210 3299 iidem
1227 3258 1295 3312 sunt,
1313 3257 1340 3299 et
1353 3249 1403 3298 sibi

313 3332 840 3398 mutandiabrogaudiuajuspotestatem·
878 3329 1051 3392 respondent:
1080 3333 1157 3390 atque
1185 3333 1293 3388 alterque
1320 3327 1404 3387 gratia

313 3429 364 3476 qne
374 3411 448 3462 feeit.
481 3409 557 3462 Quod
570 3421 628 3456 cum
639 3404 785 3468 aliquandiu
801 3402 839 3452 fe·
878 3405 1014 3468 plurimum
1034 3401 1119 3460 valet;
1136 3406 1281 3449 assentator
1298 3400 1402 3462 quidem

313 3491 401 3538 liciter
428 3488 607 3547 soloecismum,
634 3482 738 3532 taudem
766 3480 840 3530 victis
876 3480 945 3542 apud
957 3486 1101 3542 tyrannum,
1120 3482 1207 3523 orator
1219 3481 1306 3522 autem
1320 3487 1403 3536 popu-

317 3562 391 3609 Darii
409 3562 547 3608 Persarum
567 3559 637 3620 regis
655 3557 688 3606 ad
708 3557 840 3604 Maratho·
875 3555 938 3604 laris
951 3553 1017 3616 apud
1027 3549 1170 3616 hujusmodi
1183 3550 1315 3613 populum.
1340 3548 1405 3596 Cart·

314 3649 382 3717 aym,
399 3635 495 3682 Xerxis
516 3634 549 3681 ad
565 3633 720 3680 Salaminem
734 3640 763 3678 et
778 3631 840 3679 Pla·
878 3645 905 3678 sa
924 3643 986 3677 uero
1008 3629 1032 3674 111
1051 3635 1120 3689 snut,
1131 3641 1177 3674 cur
1197 3625 1335 3689 plebiscita
1346 3631 1403 3672 rata

314 3718 378 3759 tuas
391 3708 482 3770 copiis,
502 3707 668 3756 Atheniensis
686 3706 797 3768 populus
810 3705 840 3752 iis
878 3704 1028 3753 siutetuou
1039 3701 1120 3763 leges,
1131 3716 1188 3750 cum
1205 3699 1237 3748 de
1255 3699 1331 3748 rebus
1350 3713 1403 3746 om·

314 3788 430 3838 victoriis
437 3788 529 3845 elatus,
535 3785 569 3833 ab
577 3783 700 3843 Aristide,
710 3784 841 3846 Ephialte,
879 3781 954 3829 uibus
967 3779 999 3828 ad
1012 3779 1134 3841 populum
1147 3773 1278 3826 referant!
1310 3775 1345 3821 Et
1357 3773 1402 3820 de-

315 3864 420 3913 Periele
433 3863 537 3926 aliisque
549 3860 696 3920 δημαγωγοῖς
712 3859 765 3906 suis
784 3871 842 3918 per·
871 3870 948 3904 mum
959 3853 1092 3904 concludit
1103 3851 1226 3915 ejusmodi
1245 3849 1333 3911 populi
1353 3851 1404 3894 sta·

316 3947 411 4001 motas,
431 3953 482 3986 nou
497 3939 552 4001 Jam
571 3935 710 3997 optimates
729 3932 841 3981 nobiles·
880 3937 933 3980 tum
942 3943 991 3978 non
1000 3944 1057 3978 esse
1067 3931 1157 3990 Remp.
1164 3924 1240 3972 ‘Onon
1250 3923 1295 3986 γὰρ
1302 3923 1334 3982 μὴ
1341 3921 1406 3981 νόμοι

317 4029 376 4076 qne,
388 4013 435 4062 sed
447 4013 574 4076 quoslibet
590 4027 604 4058 e
622 4008 785 4057 multitudiue
796 4008 841 4070 ju·
880 4007 1007 4070 ἄρχουσιν,
1017 4007 1058 4054 uia
1069 4004 1120 4053 ἔστι
1130 4001 1242 4050 πολιτεία.
1260 4001 1350 4063 δεΐγὰρ
1365 3999 1407 4048 τὸν

318 4089 393 4136 diciis
424 4085 560 4150 prefecit:
580 4086 623 4149 qui
645 4099 703 4134 cum
731 4082 842 4146 pecunia
879 4081 922 4143 μὲν
949 4081 1020 4142 νόμον
1047 4080 1126 4142 ἆρχεν
1145 4076 1246 4125 πάντων.
1290 4077 1405 4138 ‘Neque

316 4163 426 4226 aliisque
443 4162 544 4210 artibus
563 4160 682 4211 facillime
695 4159 841 4221 corrumpe*-
880 4161 948 4207 enim
969 4156 1117 4220 respublica
1139 4161 1187 4212 est,
1208 4152 1251 4201 nbi
1266 4153 1337 4214 leges
1355 4165 1405 4199 non

319 4244 417 4300 rentur,
435 4237 526 4286 1111111111
549 4251 606 4301 quae
629 4236 706 4284 esula
726 4248 840 4298 quasque
881 4235 1029 4296 imperant:
1049 4235 1153 4294 oportet
1172 4229 1239 4278 enim
1262 4229 1354 4290 legem,
1379 4226 1405 4272 iu
