3184 4959
320 414 385 479 536
663 418 771 467 nora
796 414 999 465 vsmouuu
1024 414 1064 461 m

321 583 377 619 rum
398 562 616 615 excellentissima
643 559 708 611 urbe
730 560 762 610 iis
784 556 848 622 ipsiu
883 554 966 605 οδσέαν
983 556 1025 613 τῆς
1040 550 1185 617 ιέραριιένηι,
1203 549 1244 600 καὶ
1262 547 1417 611 adunabitur

320 644 412 709 quibus
423 639 630 691 cohortabuntur
648 636 747 687 scelera
765 632 848 699 plagis
883 628 1201 694 caesaredunum,
1217 629 1363 679 ‘rationem
1382 642 1418 676 a·

321 715 485 779 crescebaut,
499 722 529 766 ut
548 720 654 779 putares
667 726 767 777 poensm
779 710 848 773 ipso·
886 709 1002 759 teraam'
1016 723 1074 758 ease
1091 707 1156 757 ‘foti
1171 712 1302 767 naturam,
1312 711 1342 755 et
1358 720 1419 768 per·

321 810 376 845 rum
388 793 522 844 criminum
534 790 604 856 quasi
622 794 731 839 matrem
742 801 800 837 esse
811 786 848 835 ri·
885 793 990 850 petuam
1002 784 1115 834 universi
1127 790 1228 833 naturae
1245 779 1347 845 legem'
1382 779 1420 828 m

321 868 434 921 tiorum!
455 870 529 919 Idem.
884 860 954 924 apud
973 859 1124 909 Nemesiuur
1136 856 1285 907 accuratius
1297 858 1420 905 observa·

355 948 442 997 Fatum
460 962 475 993 α
496 942 612 993 natm'bus
632 941 776 1003 appellatum
802 936 850 999 est]
887 942 930 984 tur
952 934 1088 984 Platonem
1108 934 1168 983 Fati
1187 946 1279 983 noman
1297 930 1420 981 bifariam

320 1024 388 1073 Min.
400 1021 472 1070 Felix
484 1020 510 1068 iu
521 1018 584 1068 Oct.
600 1016 685 1069 ‘Quid
703 1012 849 1065 enimaliud
887 1026 1021 1075 usurpare.
1053 1010 1144 1071 Aliud,
1162 1008 1255 1072 inquit,
1265 1007 1317 1057 και)
1327 1005 1419 1061 odoia,

322 1105 363 1147 est
381 1097 484 1157 Fatum,
499 1108 574 1159 quarn
593 1091 662 1156 quod
681 1090 713 1139 de
736 1104 850 1153 unoquo·
887 1089 955 1137 alind
973 1086 1025 1136 κατ’
1045 1085 1171 1149 ἐνέργειαν.
1203 1084 1262 1133 Kar
1278 1081 1361 1133 οέισέαν
1376 1080 1420 1143 μὲν

290 1224 293 1229 ,
323 1188 373 1238 que
394 1178 511 1221 anstrum
530 1170 601 1217 Deus
619 1166 712 1217 effatus
732 1166 789 1215 est?
807 1164 850 1229 qrri
886 1163 930 1223 τὴν
946 1164 990 1211 τοῦ
1007 1162 1093 1211 emir
1113 1159 1199 1225 mab·
1222 1158 1276 1209 rot?
1298 1156 1419 1223 ἐνέργειαν

304 1257 380 1297 'cum
404 1246 485 1309 possit
507 1242 628 1308 prescire
646 1240 788 1299 materiam,
805 1254 851 1303 pro
888 1238 913 1289 δέ
934 1243 995 1289 θεῖον
1015 1240 1084 1299 νέμον
1107 1235 1259 1301 ἀπαράβατον
1284 1234 1314 1284 δι’
1341 1233 1420 1283 αέτέαν

322 1321 422 1371 meritis
444 1326 472 1369 et
498 1316 666 1383 qualitatibus
693 1315 850 1377 singulorum
887 1316 1071 1380 ἂνανδδραστον.
1091 1316 1162 1363 καλεῖ
1180 1312 1205 1362 tt
1225 1313 1310 1361 τοῦτον
1331 1309 1419 1371 θεσρδν

323 1399 402 1448 etiam
428 1397 483 1446 fata
510 1392 681 1443 determinat!
729 1392 797 1441 Vide
824 1406 851 1441 e·
888 1389 1033 1455 ἐιδριέοτιιανζ
1051 1386 1419 1449 τοδνονδέτδννόμονδεδδσδαι

324 1476 385 1523 tium
396 1472 535 1537 Apuleium
545 1471 571 1519 itt
582 1470 625 1519 fin.
636 1469 681 1519 lib.
698 1468 731 1519 de
742 1468 851 1519 Mundo.
888 1466 950 1531 rand
961 1470 1003 1516 τοῦ
1013 1467 1103 1531 πρόνοον
1112 1466 1153 1516 καὶ
1162 1464 1282 1516 ἐννιιέτοιν
1299 1465 1362 1515 Θεοῦ
1375 1464 1421 1513 τοῦ

324 1552 399 1600 Idem.
888 1547 974 1596 παννδι
994 1546 1060 1610 ψυχῇ
1075 1543 1107 1595 eis
1125 1542 1275 1604 διακόσμησιν
1285 1545 1333 1591 νῦν
1350 1540 1422 1601 duur,

357 1624 549 1685 Futumsiagulo
561 1622 649 1684 digerit
665 1621 691 1669 in
706 1620 806 1683 motum]
818 1621 852 1671 Β.
889 1622 940 1671 καθ’
958 1620 985 1671 δν
998 1619 1127 1684 διεξάγεται
1145 1620 1177 1668 τὰ
1193 1617 1312 1680 γινόμενα.
1328 1615 1422 1675 ταύτην

325 1701 484 1764 Augustinus
495 1700 539 1751 lib.
560 1714 583 1749 v.
602 1700 636 1748 de
654 1699 710 1749 Civ.
726 1698 777 1747 Dei
794 1713 852 1762 cap.
889 1697 1031 1757 δέτὴνκατ*
1040 1695 1158 1760 ἐνέργειαν
1167 1692 1421 1759 εδμιιρμένιρνκαδκατὰ

326 1784 350 1829 8.
367 1778 436 1830 ‘Qui
447 1792 508 1825 vero
526 1790 577 1825 nou
593 1782 719 1825 astrorum
730 1774 852 1823 constitu·
888 1774 994 1839 πρόνοιαν
1017 1773 1093 1835 λέγει
1115 1773 1162 1823 tet
1181 1772 1228 1835 ’ρδρ
1247 1772 1292 1830 τῆς
1312 1770 1423 1833 προνοίας

325 1856 431 1914 tionem,
442 1853 520 1901 sicuti
531 1860 572 1901 est
581 1866 638 1899 oum
650 1852 785 1914 quicquam
794 1864 854 1898 oou·
890 1848 1066 1914 έμιιεριέχεσθαι
1077 1846 1272 1912 τὴνεέμαρριένην.
1281 1848 1329 1895 κᾶν
1335 1846 1383 1909 γδρ
1391 1845 1423 1894 νδ

325 1931 422 1993 cipitur
434 1930 474 1977 vel
485 1928 609 1987 nascitur,
618 1926 662 1974 sed
672 1926 782 1975 omnium
791 1940 853 1974 cou-
889 1924 1081 1989 καδέέριαρριένην
1090 1925 1129 1975 eui
1142 1924 1204 1974 κιννδ
1213 1922 1322 1987 πρόνοιαν
1340 1921 1422 1984 γένεσ-

324 2006 461 2054 nexionem
484 2002 627 2065 seriemque
645 2016 776 2050 causarum
780 2036 788 2061 ‚
803 2015 854 2064 qua
890 2007 937 2052 θαι.
947 2003 975 2051 οδ
985 2002 1031 2061 μὴν
1041 2003 1088 2050 πᾶν
1096 2000 1124 2049 rb
1134 2000 1195 2050 κοτδ
1205 1999 1313 2062 πρόνοιαν
1318 1998 1358 2047 καὶ
1368 1997 1422 2047 καθ’

326 2082 356 2130 ut
367 2095 440 2128 muue
452 2077 521 2141 quod
532 2078 573 2138 fit,
591 2075 637 2125 fau
651 2077 752 2126 nomine
764 2076 853 2140 appel·
891 2076 1027 2141 εἶραρριένην
1046 2075 1111 2127 κέναι.
1128 2076 1239 2129 ‘Quod’
1258 2077 1284 2123 iu
1303 2075 1423 2123 substan-

326 2158 397 2205 lsnt:
419 2170 469 2205 unu
488 2154 595 2203 multum
615 2168 673 2201 oum
690 2152 721 2201 iis
737 2153 771 2201 de
782 2152 855 2201 verbi
892 2155 1070 2216 tia‘ponitur,
1083 2152 1203 2203 Animum
1220 2152 1276 2200 vult
1290 2165 1346 2199 esse
1359 2149 1425 2199 Uni·

326 2231 501 2283 controversia
520 2228 688 2279 laborandum
705 2234 781 2293 atque
799 2243 856 2277 cer·
892 2230 977 2289 ναοῖς
994 2227 1087 2280 Quod'
1107 2228 1133 2277 iu
1153 2228 1266 2276 muueris
1277 2225 1423 2287 functione,

326 2308 433 2357 tandum
461 2313 517 2356 est:
546 2304 750 2371 quandoquidem
771 2305 855 2368 ipsum
893 2303 1023 2353 ‘divinam
1051 2305 1147 2366 Legem
1173 2302 1360 2351 immutabilem
1387 2303 1423 2353 ob

328 2398 460 2433 causarum
471 2382 587 2431 ordinem
607 2389 634 2430 et
652 2381 777 2445 quandam
795 2396 856 2430 oou·
892 2394 996 2429 causam
1017 2380 1213 2429 inevitabilem:
1237 2394 1312 2442 quam
1337 2380 1424 2442 legem

328 2459 463 2507 nexionem
476 2458 526 2507 Dei
544 2456 634 2507 summi
651 2457 795 2507 attribuunt
814 2470 856 2505 vo·
892 2454 972 2503 etiam
983 2454 1131 2505 Adrastiam
1142 2454 1216 2515 dicit,
1227 2468 1334 2516 eamque
1344 2469 1359 2502 a
1371 2453 1424 2518 pri·

328 2536 423 2584 luntati
443 2541 470 2584 et
492 2534 624 2596 potestati,
643 2533 687 2597 qui
709 2532 807 2596 optime
829 2540 858 2581 et
893 2546 935 2581 mo
946 2546 1096 2597 summoque
1106 2532 1303 2594 Deo,Uuieersi
1311 2530 1424 2594 Animae,

328 2609 495 2659 veracissime
506 2608 624 2657 creditur
640 2614 668 2656 et
685 2615 779 2656 cuncta
790 2608 857 2655 scire
893 2608 928 2655 ad
941 2609 1053 2657 omniurn
1071 2607 1320 2657 administrationem
1334 2606 1424 2663 datam

330 2695 470 2749 autequam
480 2683 554 2746 fiant,
571 2692 599 2732 et
610 2683 672 2731 nihil
685 2683 857 2732 inordinatum
893 2696 963 2745 esse,
975 2698 1023 2746 per
1039 2698 1115 2748 quam
1126 2683 1212 2733 omnia
1223 2697 1281 2746 qma
1292 2681 1368 2746 flunt,
1379 2698 1425 2745 gu-

328 2762 491 2823 relinquere:
510 2773 586 2821 aquo
601 2766 760 2807 suutourues
771 2765 859 2822 potes·
895 2760 1047 2809 berneutur.
1078 2759 1138 2808 Hoc
1156 2757 1238 2808 satum
1261 2759 1287 2807 iu
1309 2761 1424 2809 muueris

331 2842 408 2899 tates,
429 2834 545 2899 quamvis
565 2832 598 2881 ab
614 2833 659 2881 illo
675 2846 726 2881 uon
744 2832 797 2881 aiut
808 2847 859 2882 our·
895 2834 1028 2885 functione
1046 2836 1167 2899 positum,
1189 2835 1266 2885 etiam
1286 2836 1425 2899 providen-

330 2913 400 2962 uium
412 2908 575 2961 voluntates!
590 2910 665 2959 idem.
896 2911 959 2960 tium
979 2912 1104 2974 appellnt.
1138 2911 1205 2960 Narn
1225 2926 1241 2958 a
1262 2912 1426 2973 providentis

362 2986 462 3037 Divinis
472 2985 607 3049 spiritibus]
617 2983 694 3033 Θκέαιι
704 2985 791 3046 ψυχαῖς
801 2999 859 3049 quae
896 2984 979 3036 fatum
1002 2986 1184 3050 eomprehendi
1207 2988 1279 3035 vult:
1301 2986 1425 3052 quioquid

332 3064 357 3114 ἐν
372 3066 403 3129 τῇ
425 3064 495 3127 νοιριῄ
513 3063 556 3110 τοῦ
574 3062 670 3125 οὐρανοῦ
683 3062 794 3126 renue-fi,
813 3061 860 3109 ‘in
896 3063 965 3111 euim
992 3062 1047 3113 luto
1073 3063 1129 3126 fiat,
1155 3062 1233 3111 etiarn
1261 3062 1427 3125 providentia

333 3140 440 3189 mentali
475 3140 540 3187 Coeli
576 3138 703 3201 specula’
734 3140 860 3201 degentes
896 3138 970 3201 fieri;
985 3154 1037 3189 uou
1055 3145 1142 3189 tamen
1163 3138 1426 3203 quicquidsitprosi·

335 3216 419 3263 Deum
440 3214 556 3276 proxime
579 3215 726 3263 accedunt:
751 3228 860 3277 quarum
898 3214 1163 3275 desumuntur
1181 3214 1255 3265 esse!
1290 3213 1427 3276 Quodigi·

333 3289 428 3351 agendi
455 3289 633 3351 praestantiam
657 3289 732 3338 Mens
758 3289 861 3352 Mundi,
897 3293 940 3337 tur
950 3303 992 3337 res
1003 3288 1078 3354 fiant,
1088 3290 1122 3339 ab
1133 3289 1227 3340 Anima
1245 3290 1366 3339 Uuluerai
1383 3288 1428 3337 ba·

334 3371 458 3429 quantum
477 3362 534 3413 lieri
552 3370 650 3428 potest,
664 3363 788 3415 imitatur.
803 3365 860 3415 Val-
897 3363 976 3413 beot:
995 3365 1065 3429 quod
1082 3379 1143 3415 vero
1161 3366 1210 3415 boo
1230 3365 1335 3415 salillo
1346 3366 1426 3415 modo

332 3444 377 3491 lin.
898 3441 1041 3505 adorditur,
1060 3457 1076 3492 a
1095 3444 1164 3505 bega
1180 3442 1277 3492 diuina.
1293 3456 1370 3506 quum
1386 3443 1427 3491 sio

366 3518 412 3566 Seu
433 3515 523 3578 naimo]
546 3514 649 3578 Mundi,
669 3529 780 3580 nempe:
802 3532 860 3581 quoe
897 3519 1088 3582 elegantissime
1104 3518 1198 3567 Cicero
1215 3517 1427 3567 describitur.

333 3592 419 3655 opinio
436 3599 478 3639 est
498 3591 615 3640 Platonis
637 3604 665 3641 x.
683 3592 716 3640 de
739 3592 864 3658 Legibus,
898 3595 931 3645 de
948 3596 1058 3659 legibus.
1075 3594 1169 3645 ‘liano
1187 3596 1268 3659 igitur
1287 3594 1364 3643 rideo
1386 3608 1428 3645 aa·

223 3670 226 3676 '
332 3666 415 3727 Ψυχὴν
430 3664 643 3715 δέδιοικοδσανκαδ
655 3666 788 3718 ἐνοικοῦσαν
805 3670 864 3718 πᾶσι
899 3671 1119 3734 pientissimomnr
1151 3669 1232 3720 fuisse
1257 3672 1428 3732 seutentiam,

333 3745 382 3791 τοῖς
396 3743 507 3802 πανταχῆ
523 3739 663 3801 κινουμένοις
681 3739 793 3803 λέγοντός
811 3760 863 3809 σου,
897 3747 982 3809 legem
994 3760 1079 3812 neque
1086 3748 1216 3797 hominum
1228 3748 1341 3812 ingeniis
1349 3763 1427 3798 exeo-

334 3819 374 3869 καὶ
392 3817 435 3867 τδν
450 3816 544 3882 οδρσνδν
559 3819 652 3868 διοικεῖν
672 3816 764 3881 ἀνάγκη
782 3818 863 3884 φέναι,
897 3823 1016 3884 gitataur,
1034 3837 1118 3888 neque
1138 3824 1231 3873 auitum
1248 3824 1354 3889 aliquod
1369 3839 1428 3875 asse

333 3898 414 3945 ‘Cum
432 3893 551 3943 Animam
572 3892 643 3943 dicas
665 3896 749 3944 onmia
768 3896 862 3959 guber·
899 3897 1061 3959 populorum,
1078 3898 1125 3947 sed
1137 3905 1269 3949 -aternum
1293 3900 1428 3963 quiddam,

334 3987 409 4033 uere,
427 3970 594 4036 omnibusque
610 3970 712 4021 insitam
724 3986 789 4035 esse,
805 3988 862 4037 quae
898 3972 965 4037 quod
975 3963 1123 4024 uuiversum
1133 3975 1255 4025 muudum
1266 3982 1371 4038 regeret
1381 3976 1429 4025 irn-

336 4051 482 4115 ubiouuque
492 4057 644 4110 mouentum
656 4050 746 4114 utique
756 4050 863 4102 fatearis
898 4048 1007 4112 parandi
1019 4049 1222 4114 prohibendique
1230 4050 1369 4114 sapientia.
1385 4052 1431 4102 lte

335 4131 449 4189 oportet,
467 4126 565 4175 Coeluur
584 4142 686 4191 qnoque
706 4127 788 4190 ipsum
799 4128 864 4177 Aoi·
899 4124 1045 4189 prinoipem
1063 4126 1148 4186 legem
1165 4126 1236 4175 itum
1255 4133 1283 4177 et
1301 4127 1430 4191 nltimam,

337 4216 379 4249 rua
405 4200 559 4263 gubernari?
593 4202 661 4251 Hiuo
691 4203 761 4265 apud
786 4203 864 4253 Joan.
897 4209 1014 4253 mentem
1025 4216 1083 4251 esso
1093 4201 1215 4252 dicebaut
1231 4203 1316 4253 omnia
1326 4205 1430 4261 ratione

338 4276 566 4339 Stobaeum2Pluto
584 4276 647 4327 dicit
655 4274 729 4338 λόγον
740 4276 812 4327 δέδιον
821 4278 864 4339 ria
898 4285 945 4328 aut
966 4278 1093 4355 cogentia,
1111 4286 1157 4329 aut
1179 4280 1292 4331 uetantia
1308 4280 1375 4332 Dei:
1393 4295 1428 4331 ex
