3184 4959
347 384 497 441 uouruu
522 394 571 442 nn
593 394 747 444 consen.
771 386 993 442 ruinosuru.
1018 395 1090 447 ιιιι.
1112 391 1154 446 ιι.
1239 385 1304 454 477

207 532 255 581 lib.
279 541 338 582 xvi.
372 533 415 582 De
438 531 517 584 civit.
537 530 598 596 Dei,
630 549 689 598 cap.
709 540 734 585 ti.
774 538 824 582 tes.
865 533 940 583 'l'nac
966 534 991 582 in
1019 535 1132 585 Boream
1160 540 1306 598 revertens,

208 607 286 656 Idem.
773 607 907 671 Scythiam
927 616 1025 658 terram
1050 611 1143 673 jugum
1163 609 1306 660 antefatum

219 675 368 731 ’Ptolemae
384 682 511 745 probante]
544 684 624 734 Initio
645 683 734 735 timu.
774 685 876 746 magnis
894 682 1006 732 flexibus
1026 692 1201 748 pervagatur:
1227 692 1307 750 atque

207 773 306 820 maguae
322 756 463 819 Συντάξεως,
479 759 522 808 cui
536 761 667 810 consentit
682 762 736 810 Pii·
773 757 870 806 ibidem
882 759 1060 821 opinatissima
1071 759 1177 810 flumina
1197 761 1224 810 iu
1240 761 1305 812 Cas·

207 833 265 888 nius
274 831 333 880 eod.
346 835 421 882 locor
438 847 514 896 quem
530 835 591 898 quia
608 837 736 899 respexis·
776 833 848 894 pium
860 847 929 882 mare
939 832 1108 896 profundens,
1119 834 1234 899 Araxen,
1241 837 1307 898 Cys-

207 920 235 956 se
247 907 351 956 ridetur
361 908 402 956 bic
411 908 528 969 Boetius,
539 915 568 957 tu
580 923 684 974 quoqne
699 911 737 960 in·
775 921 842 970 snm,
850 916 877 956 et
887 908 1042 972 Cambysen,
1052 912 1256 974 continuatoque
1264 912 1306 974 jn-

208 983 289 1046 sptce.
321 983 386 1030 Eam
398 982 605 1033 tamenhabiiari
615 985 685 1034 orbis
696 1002 736 1035 ra.
774 995 809 1045 go
821 982 854 1031 ad
868 982 990 1053 Rlpbae‘os
1002 998 1083 1048 usqne
1100 993 1203 1034 montes
1215 993 1307 1034 exten-

208 1059 305 1106 tionem
331 1057 472 1106 Veteribus
493 1057 632 1120 c'reditam,
651 1061 735 1110 minus
775 1057 857 1106 ditur.
889 1057 1008 1122 Indeque
1025 1059 1156 1123 Scythicis
1183 1061 1307 1124 gentibus

210 1147 297 1182 ueram
318 1131 409 1193 inisse,
423 1131 577 1194 jamdudum
598 1143 735 1185 nautarum
775 1130 854 1179 dorso
878 1146 924 1180 suo
954 1133 1090 1180 terminum
1120 1134 1249 1198 prebens,
1275 1135 1308 1184 ad

208 1214 355 1255 nostrornm
375 1205 466 1254 docuit
482 1207 578 1255 crebris
597 1209 739 1272 navigatio·
775 1205 889 1254 Pontum
902 1220 984 1270 usque
998 1206 1149 1258 descendit:
1167 1209 1307 1258 consertis·

209 1280 283 1330 nibus
293 1287 369 1344 parta
378 1281 548 1342 experientia.
570 1282 658 1333 Vallia.
775 1295 825 1344 que
846 1281 957 1330 collibus
980 1281 1066 1332 Histri
1085 1297 1187 1346 quoque
1209 1281 1309 1332 fluenta

239 1355 362 1419 loquendi
377 1357 527 1420 diversitati]
555 1357 622 1407 Vide
639 1360 738 1410 B.An.
775 1356 915 1418 contingit,
932 1372 982 1422 quo
1001 1358 1083 1406 amnis
1106 1359 1201 1409 scissus
1221 1359 1308 1408 dehis-

209 1432 305 1494 gnstiu.
317 1431 361 1480 lib.
374 1443 435 1480 xrx.
455 1431 489 1480 de
509 1433 587 1482 civit.
599 1433 659 1496 Dei,
677 1449 737 1499 cap.
776 1447 848 1494 cens,
866 1434 893 1482 in
905 1435 1012 1497 Scythia
1032 1450 1133 1500 quoque
1151 1437 1251 1484 Taurus
1265 1451 1307 1486 vo·

210 1510 235 1554 ⁷.
252 1506 339 1556 Sltzm.
775 1515 860 1558 catur.
884 1510 953 1558 Talis
966 1521 1029 1574 ergo
1039 1515 1180 1574 mutusque
1191 1518 1220 1560 et
1233 1525 1307 1574 paeue

242 1583 327 1631 AEtote
347 1583 446 1645 denique
463 1583 543 1631 Marci
566 1583 646 1645 Tullii,
664 1585 739 1634 aienti
775 1584 889 1632 omnium
900 1586 1025 1635 muntium
1044 1587 1169 1635 maximus
1191 1589 1307 1636 excelsae

210 1657 261 1717 ipre
271 1659 368 1718 qaodom
378 1659 425 1706 loro
436 1657 573 1721 signipiont]
596 1660 628 1706 In
640 1661 738 1709 somuio
776 1673 835 1707 snas
844 1660 945 1722 erigens
952 1661 1123 1722 summitates,
1129 1661 1240 1710 naturali
1247 1675 1308 1711 cou-

210 1734 349 1796 Scipionis.
357 1736 365 1761 ‘
373 1736 413 1783 Ex
421 1736 460 1783 liis
471 1734 554 1798 ipsis‚'
566 1735 657 1800 inquit,
668 1737 738 1786 ‘cul
776 1734 919 1782 structione
931 1741 1041 1796 praestat
1051 1735 1171 1798 gentibus
1179 1737 1306 1799 inexpug-

212 1807 246 1854 tis
266 1809 386 1870 notisque
405 1807 491 1867 terris,
521 1802 581 1856 unm
604 1817 648 1857 aut
666 1817 738 1860 tunm
776 1808 861 1856 nanda
873 1808 1029 1858 munimina!
1045 1808 1131 1860 Silam.

213 1889 259 1931 aut
268 1882 416 1946 cujusquam
435 1892 549 1935 nostrum
567 1900 660 1934 nomeu
671 1886 740 1936 ultra
812 1883 889 1938 Quam
897 1883 1309 1948 mtllmlfln‘ttt'mvttttt'itmpurt'r]

212 1958 357 2006 Caucasum
367 1959 443 2020 bunc,
459 1973 535 2022 quem
554 1961 647 2021 oemio,
669 1968 739 2012 tran.
777 1956 837 2006 Hac
849 1957 1189 2020 querimoniautituretiam
1203 1960 1308 2010 Sallust.

211 2034 336 2082 accudere
356 2035 450 2096 potuit,
471 2037 512 2084 vel
533 2035 604 2084 illum
620 2037 739 2101 Gangem
776 2033 892 2083 tuentii.
905 2033 1004 2084 huncce
1016 2034 1043 2082 in
1055 2034 1250 2085 modumverba
1269 2035 1308 2084 fa·

214 2115 379 2157 transnatare
388 2109 408 2158 l’
424 2111 538 2159 anrt.
777 2107 866 2157 ciens:
882 2108 1051 2158 ‘Prnrenere
1068 2110 1104 2158 ibi
1123 2125 1217 2174 magna
1228 2112 1309 2174 scrip·

246 2184 376 2247 Sioatipae
387 2188 485 2248 quodum
496 2185 689 2250 iocosigmfioat]
708 2187 740 2236 Iu
778 2188 864 2232 torum
877 2184 991 2246 ingenia,
1008 2198 1056 2246 per
1075 2190 1201 2240 terrarum
1220 2185 1310 2234 orbem

210 2260 280 2310 libro
298 2260 400 2310 scilicet
422 2261 456 2309 de
477 2262 581 2310 Somnio
602 2262 740 2324 scipionis.
778 2256 977 2306 Atheniensium
989 2257 1117 2322 faotapro
1132 2261 1258 2308 maxumis
1269 2274 1310 2309 ce·

213 2334 365 2383 Macrobius
376 2335 441 2384 libro
453 2336 575 2399 secundo,
593 2338 682 2398 capite
696 2337 741 2386 de.
779 2331 923 2381 lebrautnr.
957 2333 1001 2382 Ita
1017 2347 1103 2382 eorum
1115 2335 1159 2397 qui
1173 2349 1205 2383 ea
1221 2333 1309 2386 fecere

215 2409 297 2457 cimo:
314 2410 449 2473 ‘Gangem
462 2417 605 2472 transnare,
620 2413 661 2459 rel
672 2418 742 2460 trau·
779 2407 863 2456 virtus
875 2414 949 2457 tanta
958 2409 1076 2472 habetur,
1087 2417 1212 2474 qnantum
1224 2410 1308 2462 verbis

215 2485 340 2532 accudere
357 2485 500 2534 Caucasum
513 2486 622 2534 Romani
634 2487 742 2534 nominis
778 2496 811 2532 ea
823 2489 933 2546 potuere
945 2485 1072 2533 extollere
1092 2487 1219 2548 praeclara
1238 2487 1310 2550 inge·

215 2557 346 2608 famanon
361 2559 462 2609 valuit!
479 2561 565 2610 Sdzm.
779 2559 829 2609 uia.
871 2558 909 2610 At
929 2562 1027 2624 populo
1046 2562 1162 2612 Romanu
1181 2577 1309 2626 uunquam

251 2636 360 2691 Quomm
369 2637 431 2700 loco]
449 2638 529 2686 Libro
539 2651 579 2686 vr.
593 2637 627 2686 de
639 2637 742 2702 Repnb.
778 2651 810 2686 ea
829 2637 904 2701 copia
923 2636 987 2687 fuit:
1008 2639 1067 2702 quia
1093 2638 1310 2700 prudentissimus

215 2710 244 2758 in
257 2711 361 2761 Somnio
373 2713 511 2774 Scipionis.
532 2713 619 2764 Vallia.
778 2712 888 2777 uirisque
898 2715 1046 2776 negotiosus
1058 2729 1177 2763 maxume
1186 2721 1243 2764 erat
1254 2732 1260 2764 t
1273 2714 1310 2764 iu-

249 2788 393 2850 Cnucmam]
408 2789 538 2840 Jordanns
548 2790 580 2839 de
592 2791 678 2840 Rebus
690 2791 743 2840 Ge·
778 2791 882 2853 genium
899 2805 975 2840 nemo
997 2792 1052 2840 siae
1076 2807 1187 2854 corpore
1204 2806 1310 2842 exerce·

214 2860 276 2910 ticis
294 2862 331 2910 ita
352 2861 478 2912 describit
495 2864 655 2912 Caucasum:
674 2865 742 2913 ‘Cn·
779 2864 840 2913 bat:
859 2866 971 2928 optimus
992 2866 1099 2930 quisque
1117 2864 1215 2928 facere,
1233 2881 1309 2930 quam

213 2937 258 2998 jus
269 2937 434 3000 montisquia
445 2936 519 2986 facto
534 2938 627 2986 iterum
643 2939 743 2987 mentio
779 2937 885 3001 dicere3
908 2956 954 2989 sna
972 2942 1004 2990 ab
1023 2943 1078 2990 aliis
1098 2941 1238 2991 benefacta
1257 2943 1309 2992 lan·

215 3021 268 3069 est,
279 3027 330 3060 uon
341 3012 375 3060 ab
391 3026 418 3059 re
436 3011 549 3060 arbitror
559 3012 613 3075 ejus
631 3019 742 3061 tractum
779 3014 844 3075 dari,
856 3031 930 3080 quam
950 3017 1005 3080 ipsc
1021 3018 1128 3066 aliorum
1141 3031 1248 3066 narrare
1260 3032 1312 3066 ma·

114 3117 120 3126 .
214 3087 348 3148 situmque
369 3084 527 3148 describere,
544 3087 647 3150 quaudo
665 3089 744 3136 maxi·
779 3091 868 3140 lebat!
903 3092 997 3141 Horat.
1024 3101 1064 3142 ιν.
1090 3093 1177 3142 Caum.
1208 3092 1260 3143 Od.
1284 3098 1310 3144 9.

217 3174 285 3208 mam
298 3165 399 3221 partem
418 3160 487 3208 orbis
500 3162 615 3210 noscitur
633 3163 744 3212 circuire
780 3167 897 3215 ‘Vixcre
919 3167 1001 3217 fortes
1029 3178 1090 3218 ante
1112 3167 1310 3231 Agamemnona

214 3236 280 3298 jugo
290 3235 421 3284 continuo.
454 3236 482 3285 Is
498 3251 612 3300 mamque
630 3239 662 3287 ab
674 3238 744 3288 Indi·
780 3242 877 3293 Multit
895 3245 940 3293 sed
954 3259 1042 3293 omnes
1054 3245 1248 3294 illacrimabiles
1260 3245 1311 3294 Ur·

217 3309 329 3360 comari
348 3325 464 3375 surgens,
482 3328 532 3376 qua
553 3316 686 3366 meridiem
704 3330 744 3365 rc·
781 3325 885 3381 genitor,
903 3320 1036 3383 ignotique
1054 3320 1132 3382 longa
1149 3320 1245 3376 Nocte,
1267 3333 1310 3368 ca·

217 3385 308 3448 spicit,
318 3387 372 3434 sole
385 3395 522 3450 vaporatus
532 3390 653 3440 ardescit.
686 3392 745 3442 Qua
780 3403 839 3445 rent
850 3397 910 3463 quia
921 3404 982 3445 vate
994 3396 1086 3446 sacro!
1105 3397 1180 3445 Idem.

180 3486 183 3490 v
215 3461 392 3523 septentrioni
403 3469 486 3526 patet,
502 3465 648 3526 rigentibus
660 3467 745 3515 ventis
815 3471 924 3526 Quodsi
942 3472 973 3518 nd
993 3469 1137 3518 eternitatis
1157 3469 1215 3533 iufi]
1242 3469 1310 3521 Vide

219 3540 261 3582 est
271 3535 396 3585 obnoxius
408 3544 435 3585 et
445 3537 554 3600 pruinis.
586 3540 651 3588 Mox
661 3541 687 3590 in
697 3541 745 3602 sy·
781 3542 944 3594 Macroblum
954 3544 999 3609 tib,
1011 3557 1044 3594 11.
1055 3544 1081 3592 in
1096 3544 1184 3593 Sumn.
1202 3545 1274 3609 Scip.
1286 3561 1309 3597 c.

219 3609 284 3657 riam
301 3617 410 3660 curvato
430 3612 525 3674 angulo
545 3611 663 3672 reflexus,
681 3616 745 3665 licet
781 3620 822 3665 lt).
845 3624 872 3666 et
891 3631 950 3681 quea
968 3619 1057 3669 notavi
1085 3619 1119 3668 ad
1144 3619 1188 3672 fin.
1215 3621 1261 3671 lib.
1282 3637 1308 3672 v.

220 3684 330 3732 amnium
350 3685 473 3746 plurimus
489 3685 611 3750 emittat3
627 3689 653 3737 in
671 3689 745 3738 Asia·
780 3692 856 3741 idem.

220 3773 278 3808 nam
288 3767 375 3809 tamen
384 3760 515 3822 regionem
524 3762 683 3825 Euphratem
700 3765 745 3813 Ti·
818 3767 865 3816 Vos
883 3773 961 3818 autem
976 3769 1023 3818 uisi
1042 3771 1073 3818 ad
1088 3772 1213 3834 populures
1229 3773 1312 3835 curua]

217 3835 336 3898 grimque
369 3834 504 3895 navigeros
528 3836 561 3884 ad
598 3839 745 3901 opinionem
781 3843 847 3893 Mes.
862 3845 1310 3908 Vosautemaiaiodpopalorcaoares.

218 3910 355 3958 maximam
366 3911 516 3972 perennium
529 3909 639 3961 fontium
656 3915 745 3977 copio-
778 3917 893 3970 Videtur
916 3926 1002 3969 tamen
1025 3927 1133 3981 recepta
1151 3919 1229 3968 lectio
1254 3933 1310 3969 esse

220 3983 256 4031 sis
266 3983 354 4032 fundit
367 3984 496 4034 uberibus.
529 3986 580 4035 Qui
599 3989 745 4051 amplexari·
781 3994 950 4057 plausibiliur,
960 4008 1036 4059 qnam
1047 3992 1182 4042 confirmat
1193 3994 1256 4043 illud
1266 3997 1310 4044 Se·

221 4063 261 4104 tes
273 4063 357 4106 terras
370 4058 543 4122 Assyriorum,
561 4061 746 4123 Mesopotami·
782 4079 854 4116 necas
866 4067 893 4115 in
905 4069 986 4118 Herc.
1005 4066 1065 4114 Fur.
1078 4083 1115 4115 vs.
1126 4072 1182 4118 179.
1199 4077 1227 4120 et
1237 4085 1310 4136 seqq.

219 4143 266 4177 'am
277 4137 305 4180 et
315 4135 439 4195 appellari
451 4133 559 4194 faciunt,
571 4136 701 4198 stridori,
720 4141 746 4188 in
784 4140 877 4189 ‘Illum
890 4141 979 4205 populi
991 4139 1063 4190 saror
1073 4145 1222 4208 attonitum,
1237 4148 1310 4197 Fluc-

220 4205 307 4259 ainum
323 4207 402 4258 Maris
413 4209 495 4259 Rubri
504 4207 608 4259 duenta
619 4210 747 4275 deponen·
783 4223 863 4281 tuque
875 4217 957 4282 magis
967 4218 1062 4269 mobile
1074 4220 1163 4284 vulgus
1182 4222 1253 4274 Aura
1270 4232 1310 4274 tu·
