3184 4959
351 413 504 461 sonatur
529 413 577 461 na
599 412 753 462 cousus.
777 411 997 460 rumosoru.
1021 413 1096 462 nm.
1119 413 1160 462 11.
1246 401 1311 463 475

224 553 395 616 Officialilsns,
406 557 455 603 &n
477 555 561 604 Suasa.
781 555 889 618 tunium,
899 555 1019 604 Tacitum
1029 555 1075 604 lib.
1087 567 1146 603 xvi.
1164 552 1315 604 Annalium..

256 631 390 692 cuicunque
405 632 514 679 nebeim
529 631 608 694 adesi]
629 633 746 682 Palmam
783 629 859 678 Idem.
1148 677 1149 683 ,
1204 649 1207 657 ·

220 706 366 754 velocitatis
398 707 500 768 quinam
527 706 624 756 inerint
650 709 746 772 adepti,
816 705 919 767 Fratre]
935 705 1085 754 Britannico
1103 705 1210 754 seilicet.
1243 706 1314 754 Cum

219 780 347 843 percipies
359 795 391 829 ex
402 781 482 829 Setini
497 781 668 846 polyhistore,
685 798 709 832 e.
720 789 745 834 6.
781 781 849 828 enim
864 781 935 828 Nero
949 781 1038 830 matris
1049 779 1309 843 Agrippinensium

220 854 295 902 idern.
740 891 743 896 -
781 855 916 905 aclaudio
927 856 1063 918 adoptatus
1080 854 1180 915 fuisset,
1193 856 1309 918 proprio-

251 928 327 991 Atqui
337 946 378 979 uec
386 945 441 992 opes
449 932 601 994 inexpletam]
612 933 744 982 Juvenalis
780 944 830 992 que
841 929 894 978 filio
905 931 1055 978 Britannico
1066 945 1098 979 es
1111 931 1251 978 Messalina
1263 945 1307 980 ns·

214 1005 272 1054 Sat.
288 1009 327 1055 14.
344 1007 464 1056 ‘Interea
482 1010 558 1070 pleno
577 1024 635 1056 essm
656 1015 744 1071 turget
781 1011 808 1052 to
820 1005 958 1067 praelatus:
975 1020 1034 1053 enm
1045 1005 1116 1054 Nero
1129 1005 1308 1054 adolescentu-

216 1082 335 1129 saeenlus
358 1096 413 1142 ore,
433 1083 535 1130 Crescit
555 1097 625 1131 amor
638 1084 743 1130 nummi
779 1081 831 1130 lum
844 1083 913 1145 prius
924 1089 1015 1146 stupro
1027 1083 1228 1146 pollutnm‚mox
1240 1084 1308 1131 inter

215 1163 338 1216 quantum
349 1156 406 1218 ipsa
416 1157 524 1219 pecunia
534 1158 637 1219 erescit,
650 1159 684 1206 Et
695 1159 742 1205 mi·
778 1169 852 1204 sacra
862 1171 957 1206 meusae
970 1172 1068 1206 veneno
1085 1164 1137 1207 tarn
1158 1159 1247 1207 lethali
1266 1173 1306 1207 re-

216 1245 262 1278 nus
273 1231 340 1280 hane
351 1239 425 1294 optat
436 1233 480 1296 qrsi
490 1247 541 1280 non
552 1233 650 1282 habet?
667 1233 742 1282 Idem.
779 1232 888 1293 petitum
898 1233 1012 1293 sustulit,
1024 1240 1051 1280 ut
1062 1247 1092 1282 eu
1103 1233 1190 1282 statim
1202 1242 1306 1296 sumpto

250 1306 343 1354 collatu
361 1307 472 1369 improbis
493 1307 599 1367 diffluum
613 1323 659 1356 nors
675 1311 742 1357 modu
779 1321 828 1354 vox
840 1307 937 1369 pariter
949 1317 975 1357 et
990 1309 1096 1370 spiritns
1113 1309 1170 1371 ejus
1186 1323 1309 1372 raperer.-

215 1382 272 1444 aua]
293 1383 404 1431 salvian.
420 1383 465 1430 lib.
476 1397 514 1432 rr.
535 1385 575 1431 De
586 1384 656 1432 (iub.
672 1385 739 1434 Dei:
778 1388 828 1430 tur.
862 1383 1042 1432 Fratricidium
1053 1385 1102 1432 hoe
1114 1382 1244 1433 infandum
1256 1387 1310 1433 Ta.

215 1456 300 1506 ‘Quid
312 1462 353 1505 est
361 1457 472 1520 dignitas
481 1459 506 1506 in
516 1459 631 1521 indigno,
641 1460 689 1508 nisi
699 1474 740 1508 or·
776 1458 845 1506 eiius
862 1459 907 1507 lils.
925 1458 1062 1508 Annalium
1084 1474 1147 1509 xrrr.
1166 1461 1305 1510 Suetonius

213 1539 361 1581 namentam
388 1533 413 1581 in
441 1533 524 1583 lutoi'
549 1535 616 1583 Pnb.
642 1535 738 1598 Syrus:
776 1543 803 1580 et
815 1534 882 1582 Dion
894 1535 919 1581 in
933 1535 1037 1583 Nerone
1054 1541 1196 1598 exponunt.
1217 1535 1303 1584 Vultis.

213 1606 300 1654 ‘Loco
315 1608 459 1669 ignominiae
471 1615 511 1657 est
523 1609 591 1672 apud
608 1609 738 1673 indignum
775 1609 891 1658 Beruuri.

213 1680 343 1743 dignitas)
380 1683 451 1732 Seite
470 1685 548 1733 etiam
567 1686 738 1735 Cassiodorus
810 1686 896 1733 Fratre
904 1687 944 1748 qui
954 1684 1080 1748 quondam]
1098 1687 1139 1734 De
1151 1685 1303 1735 Britannico
1382 1722 1384 1726 -

213 1769 252 1804 vr.
264 1757 364 1806 Variar.
378 1763 417 1808 15.
433 1760 516 1808 ‘Talis
526 1765 567 1809 est
578 1774 737 1824 unaquaque
775 1759 898 1822 loquitur,
917 1776 992 1824 quem
1007 1760 1077 1808 Nero
1089 1773 1187 1808 veneno
1198 1775 1306 1823 aggress

213 1829 336 1891 dignitas,
355 1833 436 1895 qualis
455 1834 686 1886 administrantium
697 1844 738 1886 est
775 1841 878 1883 ausast.
898 1835 989 1883 Senee.
1002 1835 1026 1882 in
1039 1834 1101 1882 Oct.
1113 1848 1150 1882 rs.
1164 1838 1220 1883 24⁰.
1231 1835 1303 1896 ‘Spi-

211 1906 339 1955 volnntas.
373 1907 582 1972 Nilrilabjeetum
601 1916 651 1972 est,
668 1910 737 1975 qnod
774 1907 1072 1958 ritumisatriabstnlit!
1104 1909 1243 1971 Eutropius
1254 1908 1300 1958 lib.

210 1977 239 2026 in
258 1979 359 2042 Repnb.
373 1983 481 2044 geritur,
498 1985 546 2033 nisi
565 1987 638 2036 malis
655 1985 736 2038 fuerit
773 1997 826 2033 vri.
838 1986 998 2035 ‘Parricidia
1008 1988 1089 2036 murita
1099 1987 1237 2046 commisit,
1248 1985 1301 2035 fra·

209 2055 322 2104 moribus
334 2055 402 2106 forte
414 2059 550 2110 vitiatum!
567 2062 642 2112 Imm.
773 2067 824 2123 tre,
834 2077 923 2124 uxore,
936 2072 1020 2113 matre
1032 2063 1197 2113 interiectis!
1214 2063 1298 2113 Siizm.

243 2129 335 2180 Maru.
351 2135 375 2182 6.
408 2134 532 2197 Novimus,
550 2137 602 2200 iro]
636 2137 666 2186 In
686 2138 734 2189 hoo
805 2141 895 2188 Matris
905 2140 978 2203 effuso
989 2140 1178 2202 maduiteruore]
1191 2141 1250 2190 Huc
1259 2155 1299 2189 re·

209 2207 674 2275 Carmiaeperstringitimmanitatem
683 2218 733 2266 Ne.
771 2211 811 2261 ier
822 2215 1012 2273 argutissimum
1028 2216 1298 2279 mordacissimumque

209 2284 287 2346 sonis,
304 2285 494 2352 horrendosque
508 2291 636 2340 cruciatus
650 2300 677 2341 et
688 2308 734 2341 ex·
771 2289 937 2351 Epigramma
947 2291 1016 2354 quod
1033 2299 1106 2340 extat
1123 2291 1191 2353 apud
1208 2291 1300 2340 Sueto·

208 2360 303 2422 empls,
311 2376 368 2424 quas
380 2363 406 2410 in
417 2361 534 2426 fratrem,
542 2373 659 2427 matrem,
671 2369 733 2416 alios
771 2364 840 2411 nium
852 2363 895 2412 lib·
907 2366 1219 2429 v1.‘0uisnegatAEnea
1228 2381 1298 2428 mag-

209 2433 319 2499 denique
337 2438 430 2501 edidit,
449 2440 585 2490 evidenter
604 2451 732 2493 recenset.
770 2451 804 2486 aa
816 2437 848 2486 de
866 2440 947 2502 stirpe
965 2442 1112 2490 Neronem?
1127 2441 1237 2490 Sustulit
1254 2441 1296 2490 hie

208 2509 283 2559 Idem.
768 2520 888 2571 matrem,
904 2517 1006 2564 sustulit
1016 2516 1060 2565 ille
1072 2514 1188 2578 patrem?
1211 2515 1298 2566 icioma

208 2616 213 2621 ·
238 2586 662 2656 Nws'ssssquassiusdsderiiruinas]
679 2595 732 2644 Ne·
772 2614 777 2619 ·
804 2591 1098 2654 Camasetoisugeis'dum
1106 2591 1243 2655 peramans]
1261 2593 1295 2642 ld

206 2676 258 2726 que
278 2671 364 2714 tamen
385 2668 497 2731 impune.
529 2671 645 2732 Dignum
664 2672 731 2719 enirn
768 2680 802 2715 ne
813 2665 908 2716 iecerit
919 2668 1024 2718 dubium
1037 2669 1180 2732 relinquere
1188 2668 1294 2718 Tacitus

207 2740 349 2790 sceleribus
359 2743 411 2791 sais
423 2744 484 2792 ritae
497 2745 634 2794 terminum
646 2763 731 2809 μητρο.
767 2743 875 2791 maluit:
895 2758 952 2792 eum
966 2752 1017 2793 tam
1038 2744 1220 2807 propudiosuns
1232 2743 1293 2794 iaci-

204 2813 286 2864 muas
296 2817 347 2866 iste
356 2819 452 2882 posuit.
469 2819 610 2881 Ausonius:
623 2821 729 2870 ‘illasii
765 2831 813 2866 nus
824 2819 958 2878 hominem,
967 2817 1060 2866 nedum
1072 2820 1213 2867 Romanum
1226 2821 1295 2881 prin·

204 2891 263 2939 nida
274 2895 346 2943 Nero
358 2895 462 2956 proprio
479 2907 506 2942 se
524 2896 635 2956 perculit
651 2895 729 2945 ense!
765 2893 849 2954 ciuem
866 2892 999 2941 admisisse
1013 2893 1061 2941 sibi
1073 2894 1175 2956 quidem
1187 2908 1292 2955 persua-

203 2966 279 3017 Idem.
765 2967 828 3014 dere
839 2981 888 3014 nou
900 2975 988 3029 posset
999 2975 1028 3016 ut
1039 2966 1168 3015 erederet.
1184 2967 1236 3015 Sed
1246 2981 1293 3015 cur

182 3077 186 3082 .
238 3041 619 3105 Urmflammasa]1noendtum
636 3045 727 3094 Roma}
765 3041 903 3089 Suetonius
915 3042 1048 3103 vulgavit?
1064 3042 1072 3068 ‘
1081 3039 1238 3102 Adduntur‚'
1253 3045 1292 3090 in·

200 3117 329 3178 respicit3
352 3131 366 3166 a
386 3119 489 3168 Nerone
511 3125 685 3182 procuratum,
706 3121 728 3168 si
764 3115 830 3176 qsrit,
846 3116 900 3162 ‘his
912 3116 1047 3176 atrociora,
1057 3129 1105 3165 nee
1115 3116 1221 3166 incertis
1231 3133 1290 3168 aue-

200 3193 326 3242 suetonio
357 3194 495 3255 eredimus,
531 3195 636 3244 Nerone
668 3211 726 3261 cap.
764 3191 1290 3252 toribus,advisenduminterfectae’nsa.

200 3283 325 3319 xxxvnr.
345 3272 450 3320 Tacitus
471 3278 548 3320 cauto
568 3271 660 3322 Annei,
678 3287 726 3323 xv,
764 3267 1288 3330 tris‘cadaveracossrrisse,eontrectasse

199 3345 440 3407 ‘Sequitnreladea
451 3345 640 3406 forte‚sndolo
651 3347 726 3395 Prin·
762 3343 886 3404 membra,
909 3343 960 3391 alia
980 3344 1148 3404 vituperasse,
1165 3345 1216 3392 alia
1234 3346 1287 3393 lau-

199 3420 275 3481 eipis,
283 3421 424 3483 incertum,
441 3438 497 3471 uam
511 3430 648 3487 utrumque
658 3425 726 3474 Auca
761 3418 843 3479 dasse,
853 3417 948 3480 sitique
959 3418 1061 3466 interim
1073 3418 1164 3466 oborta
1175 3419 1288 3468 bibisse?

198 3501 267 3544 tom
289 3497 442 3561 prodeam
465 3499 511 3547 ,ed
529 3498 646 3548 omnibus
665 3515 723 3563 (μω
760 3492 811 3539 Sed
822 3507 838 3539 ο
851 3492 932 3552 pudet
942 3490 1076 3539 verborum
1087 3492 1191 3542 Dionis!
1204 3497 1288 3544 Medda

197 3572 259 3622 lunis
270 3573 326 3622 urbi
336 3587 383 3635 per
394 3573 543 3621 violentiam
552 3573 646 3635 ignium
656 3577 724 3623 aeci·
761 3566 787 3615 δῖ
796 3568 810 3614 ⁶
820 3565 897 3630 Νέρων
907 3565 942 3614 ὅτ’
959 3561 1078 3628 Τέθνηκεν,
1091 3567 1132 3615 ῡῦκ
1143 3568 1285 3622 ἐπίστευσεν·

196 3647 299 3709 derunt,
317 3648 419 3710 gravior
429 3655 507 3711 atque
518 3648 646 3698 atrocior.’
662 3651 723 3699 Ber-
760 3644 805 3692 iri
825 3645 873 3706 ’γὰρ
893 3645 936 3692 τοῦ
951 3641 1061 3704 mimi
1079 3645 1122 3692 τοῦ
1137 3647 1286 3708 τολμήματος

196 3728 252 3770 mre
759 3717 854 3768 isauria
864 3719 927 3779 αὑτῷ
937 3717 1049 3780 inexistat,
1067 3719 1106 3768 sol
1121 3721 1156 3770 ui
1166 3725 1236 3772 τοῦτο
1246 3725 1286 3772 uis-

194 3805 202 3826 ³
232 3798 295 3846 Usus
306 3797 446 3862 flammato]
466 3798 534 3846 Vide
553 3800 658 3850 Sueten.
676 3803 722 3853 lib.
757 3794 846 3852 virtu!
864 3793 992 3855 ἕπθθῦμησε
1009 3796 1053 3842 '1⁰¹⁶’
1069 3792 1158 3845 filiove
1169 3797 1285 3858 wissa.

195 3885 234 3920 vs.
256 3872 357 3922 Statius
374 3873 401 3921 in
420 3872 590 3922 Genetlrliaoo
612 3875 722 3937 Lucam,
757 3871 795 3922 soi
813 3870 927 3929 uirium
941 3872 1021 3919 πᾶσαν
1035 3867 1082 3919 εἶδε
1098 3871 1228 3932 γυμνάσας,
1245 3872 1284 3920 sul

193 3946 261 3996 libro
283 3961 314 3998 11.
330 3948 431 4011 Sylrar.
455 3947 549 3995 ‘Dices
568 3949 721 4000 culminibus
756 3949 787 3996 sd
800 3947 922 4012 τραύματα
939 3947 1010 4003 αὐτῆς
1027 3945 1180 4007 ἐπεσκέψατο.
1196 3945 1284 3996 raalai-⁴

194 4020 271 4069 Remi
284 4021 399 4084 vagantis
419 4019 542 4069 Infandos
559 4023 664 4071 Domini
675 4040 720 4075 no·
756 4031 806 4083 sos,
832 4019 953 4069 πολὺκαὶ
973 4017 1108 4080 sodoims
1133 4021 1284 4085 ἀνοσιώτερον

194 4095 378 4156 eeasisignes’
393 4095 477 4145 Situm.
755 4096 812 4144 ἔπος
828 4093 963 4156 ἐφθέγξατο.
979 4091 1028 4142 slus
1043 4093 1090 4156 γὰρ
1105 4094 1141 4143 irs
1157 4097 1207 4146 Oia
1221 4097 1284 4163 fiisse

226 4169 382 4232 Putribmue
389 4171 466 4234 casu]
477 4171 544 4222 vide
553 4178 649 4236 prater
656 4174 719 4224 Sue·
756 4171 792 4220 ins
802 4168 861 4220 οὕτω
871 4167 947 4226 καλὴν
954 4169 1043 4232 μητέρα
1052 4167 1125 4232 εἶχον.
1158 4172 1199 4224 Ita
1208 4183 1282 4228 certo
