3184 4959
317 395 383 461 542
664 410 771 459 noun
798 408 1059 463 unumunurn

321 552 515 619 panto-schim
536 551 614 617 fingit
653 554 847 617 emergentibus
883 555 975 606 tinet?
994 558 1070 605 idem.
1114 618 1119 625 ι

320 629 473 693 Gigantibus
491 629 576 679 sidera
588 631 754 694 expalluisse,
773 632 847 681 tino·
914 632 1025 681 Pondere
1048 628 1140 691 aidum]
1155 629 1248 679 Senes.
1270 630 1296 678 in
1316 628 1420 694 ligem(

319 720 425 769 remque
436 706 807 771 esinrssisse,adeoquidem,
817 714 848 757 nt
883 720 922 756 vs.
939 711 979 755 86.
994 706 1158 769 ‘Sidsstipso
1174 706 1284 755 Pondere
1305 706 1413 768 magro!

319 783 457 833 stationem
475 797 545 832 snam
556 783 701 847 relinquere
713 785 854 834 voluerint·
884 780 968 830 ldenr.

319 860 408 908 Verba
429 859 485 922 ejus
508 865 586 908 snut:
608 859 757 909 ‘Oceanum
780 861 848 924 petit
917 856 1006 904 Itidem
1023 856 1124 919 mnis]
1139 856 1199 905 linc
1218 857 1417 928 pertinent-illa

320 932 425 993 Arctos,
439 933 619 998 inocciduique
633 935 741 984 Triones
759 935 847 985 Occa-
884 930 965 979 verbe
974 931 1039 980 Min·
1048 931 1158 979 Felicis:
1169 931 1337 983 ‘Ouidioum
1349 932 1415 980 ordo

320 1023 375 1057 sum
387 1010 493 1057 volnere
505 1008 568 1070 pati'
591 1008 664 1059 Idem
676 1011 754 1060 elibi:
771 1011 847 1061 ‘Cin
885 1010 1080 1071 tempornmhac
1086 1006 1188 1072 frugum
1195 1009 1282 1058 stshili
1288 1009 1418 1059 varietste

320 1097 400 1148 reque
418 1098 447 1133 ss
463 1084 545 1133 vestro
557 1085 661 1147 proruet
678 1086 747 1135 Ursa
762 1085 847 1135 morit
885 1081 1065 1145 distinguitur,
1080 1098 1166 1132 nonne
1184 1091 1318 1133 tiatorem
1339 1098 1415 1132 snum

320 1160 396 1209 idem.
884 1166 1072 1222 parentemque
1091 1160 1220 1209 testatur?
1254 1159 1310 1208 Ver
1340 1173 1416 1223 mque

352 1236 451 1299 Semper
458 1234 547 1285 rioilus
559 1238 670 1301 temporis
679 1238 764 1302 equis]
782 1239 849 1288 Prn-
885 1236 1007 1285 eumenis
1017 1235 1153 1296 messibus,
1163 1242 1191 1283 et
1202 1234 1319 1283 autumni
1330 1241 1416 1282 metn-

320 1309 392 1362 deot.
409 1311 526 1362 (lethem.
539 1310 644 1377 Hymisu
661 1315 765 1378 quinto:
786 1316 849 1364 ‘lm
885 1310 949 1359 ritas
968 1318 1053 1372 grata,
1074 1317 1102 1359 et
1120 1308 1352 1374 hyberuaoliritas
1371 1321 1417 1356 ne·

320 1393 414 1435 ventor
434 1388 505 1437 rutili
522 1388 584 1437 Dux
600 1388 666 1437 hone
680 1389 783 1437 luminis
796 1390 848 1441 Qui
885 1388 1015 1436 cessaria:
1042 1387 1086 1450 qni
1112 1386 1176 1435 ordo
1196 1384 1273 1434 fenile
1298 1384 1418 1432 turbare-

320 1462 400 1511 oertis
412 1461 511 1511 vicibus
523 1467 640 1525 tempora
651 1462 763 1511 dividis!
774 1463 850 1515 idem.
886 1468 940 1522 tur,
957 1462 1007 1511 nisi
1023 1462 1135 1511 maxima
1143 1462 1244 1509 ratione
1252 1460 1417 1510 consisteret.

352 1538 651 1602 AEternosrcfioitoursus]
668 1537 849 1588 Arnob.l.1r.
886 1540 947 1589 Jam
965 1538 1138 1602 providentie
1156 1544 1271 1602 quautse,
1284 1550 1319 1584 ne
1338 1536 1420 1584 hiems

320 1612 452 1661 ‘Necesse
465 1619 505 1661 est
516 1619 679 1662 cunctosnos
689 1612 726 1661 ire
736 1626 784 1675 per
792 1628 852 1674 cnr·
887 1616 943 1663 sola
958 1614 1042 1676 glacie
1058 1619 1156 1675 ureret,
1167 1619 1211 1661 ant
1223 1612 1279 1661 sole
1289 1619 1370 1660 aestns
1378 1624 1418 1659 ar·

322 1702 374 1748 sus,
386 1702 434 1737 nec
446 1688 478 1737 ab
490 1688 585 1737 ordinis
593 1688 647 1738 neti
656 1688 851 1738 continuatione
887 1689 951 1739 dore
963 1697 1086 1752 torreret,
1096 1689 1214 1738 autumni
1224 1696 1252 1737 et
1263 1689 1334 1737 ueris
1348 1688 1418 1737 inse-

321 1763 473 1813 discedere:
490 1764 568 1813 idern.
887 1780 945 1815 rere
957 1765 1069 1814 medium
1079 1770 1323 1828 temperamentum,
1334 1770 1363 1811 nt
1371 1778 1425 1826 per

352 1842 486 1904 serigent
497 1842 579 1890 ledum
590 1842 679 1891 discors
694 1843 777 1892 eeslot
791 1843 853 1907 orio]
888 1840 999 1903 vestigia
1008 1854 1054 1888 sne
1064 1840 1125 1889 anui
1141 1839 1298 1888 revertentis
1316 1839 1416 1887 occulti

322 1918 443 1967 Lacteut.
456 1917 489 1965 de
500 1916 545 1965 Ira
557 1917 619 1977 Dei,
630 1931 688 1980 cup.
700 1920 741 1966 lt.
757 1917 854 1967 ‘Astra
889 1923 917 1966 et
954 1915 1053 1966 innoxii
1091 1917 1215 1966 transitus
1251 1914 1422 1966 laberentur!

322 1994 401 2043 etiam
422 2000 513 2042 cetera
529 1993 570 2041 vel
582 1998 640 2042 ortu
652 1993 693 2041 vel
705 2006 796 2041 occssu
807 2008 854 2042 sno
890 1991 965 2041 lolem.

281 2058 284 2063 ¹
322 2068 561 2117 certisstetionihus
569 2066 780 2130 opportunitates
788 2073 854 2117 tem·
922 2069 1007 2131 Spiret
1018 2069 1117 2134 fimiter
1130 2084 1207 2118 mnus
1224 2067 1317 2129 morea]
1333 2066 1422 2115 Mani-

321 2158 413 2207 porum
425 2144 500 2206 plane
516 2141 731 2192 subministrent?
749 2142 825 2193 ldess.
889 2144 939 2195 lius
950 2145 995 2194 lih.
1013 2160 1052 2194 ru.
1068 2144 1211 2195 ‘odoratos
1223 2144 1325 2207 spirent
1335 2142 1421 2192 medi·

354 2220 417 2269 Hoeo
437 2220 570 2281 concordio,
588 2218 642 2281 ξω]
669 2217 797 2282 Apuleius
820 2218 855 2269 de
890 2221 992 2270 camina
1001 2220 1099 2284 sylraess
1118 2220 1193 2270 idern.

322 2294 438 2345 Mundo:
471 2293 680 2357 ‘Principiornm
712 2308 853 2343 consensus
921 2296 1116 2359 AEstcsferoidn]
1132 2295 1317 2355 Beueferoids.
1341 2295 1418 2343 Tune

324 2368 375 2418 sibi
398 2368 565 2419 concordiam
588 2368 710 2431 peperit:
735 2382 855 2431 perseve·
891 2371 959 2421 enim
975 2371 1160 2421 ‘Flammiferis
1182 2372 1258 2419 tellus
1276 2370 1355 2419 radiis
1373 2384 1422 2418 ex-

322 2444 432 2494 rentium
442 2458 502 2493 vero
512 2444 697 2493 amicitieinter
705 2458 732 2493 se
741 2445 854 2494 elersen·
890 2454 950 2497 usta
980 2449 1100 2511 dehiscit,
1130 2448 1312 2512 candentique
1340 2447 1420 2511 globo

323 2518 358 2569 tis
376 2519 451 2569 dedit
466 2521 614 2583 specierum
641 2520 755 2583 ipsarum
779 2536 856 2585 oeqne
891 2523 991 2572 medius
1002 2524 1091 2589 coquit
1101 2525 1201 2573 aethera
1216 2522 1322 2585 fervor,'
1339 2529 1370 2571 ut
1379 2522 1420 2570 lo·

323 2596 443 2658 partitio,
464 2595 525 2645 dum
545 2596 573 2644 in
595 2596 664 2643 nullo
686 2596 736 2643 ulie
751 2596 784 2645 ab
802 2598 854 2646 alis
890 2597 978 2660 quitur
988 2598 1064 2646 Silius
1075 2598 1121 2648 lih.
1132 2612 1152 2648 r.
1168 2597 1246 2647 Idem.

321 2670 436 2727 vincitur
452 2670 529 2719 modo
539 2671 580 2717 rel
592 2675 732 2732 potestate.
759 2672 854 2735 AEqua·
923 2673 1024 2722 &nest
1048 2675 1124 2736 pomis
1154 2676 1239 2735 grania
1273 2673 1426 2735 surm}

322 2743 355 2791 lis
366 2745 463 2807 qnippe
475 2743 586 2797 omnium
598 2742 742 2805 diversitas,
757 2745 853 2806 gravis·
891 2749 985 2797 Horat.
1003 2750 1089 2812 Epod.
1112 2749 1165 2800 Oti.
1184 2755 1209 2802 2.
1223 2749 1294 2798 ‘Vel
1305 2763 1363 2798 cum
1376 2748 1423 2797 de·

322 2823 453 2885 simorum,
474 2821 670 2884 levissimorum,
686 2820 853 2883 ferventium,
891 2840 979 2874 eorum
998 2825 1105 2875 mitibus
1123 2827 1205 2889 pomis
1222 2823 1425 2888 capntAuturn-
1460 2866 1463 2873 .

322 2899 485 2963 frigidorum,
496 2898 607 2947 docente
620 2897 720 2946 ratione
732 2896 854 2961 Nature,
891 2916 939 2950 nus
951 2902 1019 2951 srvis
1029 2901 1142 2952 extulit)
1181 2900 1323 2951 Columella
1334 2899 1379 2949 lib.
1392 2913 1424 2948 ι.

323 2978 433 3028 diuersis
443 2977 506 3026 lieet
518 2975 607 3037 rebus,
623 2974 799 3040 equalitatem
810 2974 854 3023 de·
891 2978 971 3028 ‘cnm
988 2987 1061 3027 satur
1070 2978 1218 3027 Autumnus
1232 2990 1357 3039 quassans
1373 2990 1425 3024 sne

323 3052 393 3103 serre
415 3052 589 3111 concordiem,
619 3051 706 3100 omnis
737 3051 854 3114 parentis
892 3061 1011 3117 tempora
1032 3055 1123 3117 pomis,
1142 3051 1276 3114 Sordihus,
1296 3057 1324 3100 et
1333 3058 1425 3099 musto

322 3127 413 3177 muudi
431 3127 606 3176 amoenitatem
626 3126 856 3191 eternitatemqne
892 3136 1042 3192 spumantes
1053 3128 1175 3191 exprimit
1186 3126 1268 3176 uras.’
1304 3125 1424 3188 Angelus

325 3203 476 3268 reperisse?
495 3203 568 3251 idem.
892 3202 1424 3267 PolitianusinSylva,cnititulnsMant0:

355 3278 477 3327 Pendulus
498 3278 562 3339 ignis
581 3278 677 3340 surgat]
700 3277 854 3329 Quintilian.
890 3279 946 3327 ‘Et
954 3279 1037 3327 Pater
1048 3279 1197 3328 Autumnus
1209 3277 1295 3327 medio
1315 3290 1423 3325 consur·

323 3354 468 3402 Declamst.
481 3366 522 3402 ιν.
550 3352 667 3401 ‘Cesune
682 3352 741 3413 tibi,
760 3353 854 3414 Pater,
892 3360 937 3416 get
948 3353 981 3403 ab
993 3368 1065 3417 erro,
1076 3352 1237 3403 Pomifernm
1249 3352 1328 3402 viridi
1337 3360 1422 3416 capnt

322 3430 854 3493 heodirersitesridetnriucorpnsunum
892 3427 1205 3477 sltenmhratnsamictn.’
1221 3428 1298 3476 Idm.

322 3507 535 3556 dissentientibus
559 3507 669 3555 solidata
698 3506 856 3570 primordiis,
925 3504 993 3565 Res]
1016 3504 1094 3553 Plato
1114 3504 1141 3551 in
1163 3503 1247 3567 Epist.
1265 3503 1299 3552 ad
1320 3501 1423 3565 Diony·

324 3591 354 3633 ut
369 3596 468 3632 summo
485 3584 587 3633 vertice
598 3584 699 3634 loentns
712 3584 804 3647 igneus
817 3584 854 3633 vi·
891 3580 967 3642 siuns,
982 3580 1067 3628 Deum
1079 3578 1306 3643 pronuntiaritrlr
1315 3577 1423 3634 βασιλέα

324 3671 372 3720 gor
383 3664 478 3707 cuncte
488 3659 556 3707 levia
562 3659 640 3708 calidi
647 3660 753 3723 spiritus
761 3660 855 3709 ardore
890 3650 993 3717 νίκων,
1010 3656 1018 3683 ‘
1031 3656 1144 3704 omnium
1157 3656 1254 3717 Regem
1263 3659 1280 3715 ς’
1298 3654 1424 3717 huicque,

324 3732 515 3795 suspenderet:
543 3732 686 3797 profundus
708 3736 800 3783 humor
821 3735 854 3783 ad
891 3729 959 3793 quod
971 3730 1081 3779 maxime
1091 3731 1232 3780 notandum
1248 3735 1299 3791 est,
1316 3729 1425 3791 subjicit

324 3810 377 3859 inre
394 3809 532 3872 dimersus,
551 3810 619 3858 uude
632 3810 750 3873 quotidie
764 3824 855 3871 super·
890 3802 1426 3869 revomereturprimumillumnenm,'

322 3884 403 3947 positi
420 3884 514 3934 caloris
535 3878 658 3933 alimenta
680 3885 856 3946 traherentur,
891 3882 939 3929 hue
955 3889 1006 3943 est,
1026 3889 1054 3930 ut
1065 3884 1205 3945 opinentur
1221 3880 1360 3940 Platonici,
1377 3878 1422 3927 τὸν

323 3966 456 4010 terrenum
481 3959 582 4023 pondus
602 3961 629 4007 in
651 3959 736 4008 medin
757 3966 854 4022 quanto
890 3954 937 4004 nic
956 3956 1081 4019 ‘lovem'
1099 3956 1167 4020 quod
1182 3955 1425 4005 tarnenobscurnnt

323 4048 435 4101 superne
453 4035 554 4098 spiritu,
575 4034 855 4097 tantopenitusinsni·
891 4032 924 4081 de
942 4032 1069 4081 industria
1090 4033 1198 4097 reliquit
1219 4032 1310 4082 Plato.
1343 4031 1423 4083 erod

324 4114 380 4157 tate
398 4109 535 4159 subnixum
552 4108 648 4159 librata
659 4108 855 4159 moleconside·
890 4123 954 4159 vero
973 4109 1021 4159 hoc
1041 4109 1145 4158 nomine
1166 4106 1354 4171 significaverit
1375 4121 1425 4155 seu

324 4189 374 4242 ret,
387 4190 418 4232 ut
429 4185 574 4234 seculorum
592 4183 692 4234 infinite
704 4184 797 4244 series,
808 4197 856 4245 per
890 4183 988 4247 potius,
1011 4184 1123 4233 cicutam
1144 4190 1271 4244 metuens,
1295 4182 1423 4230 velaverit

324 4258 438 4308 assiduus
446 4265 591 4322 temporum
598 4260 667 4309 uices
678 4275 723 4309 sun
732 4260 791 4321 lege
803 4260 855 4307 ses·
891 4260 981 4311 summi
998 4260 1050 4309 Dei
1071 4273 1175 4321 nomeu,
1189 4273 1247 4322 nee,
1262 4272 1321 4307 enm
1342 4259 1420 4307 ‘cum
