3184 4959
298 430 449 479 uournu
474 428 945 479 uuconsou.rn1uos0ru.
969 430 1040 479 arn.
1064 430 1114 477 ιν.
1186 413 1251 477 531

157 582 209 618 een
225 568 273 619 lib.
287 580 346 619 xiv.
368 572 435 621 Met.
458 571 539 623 Orid.
577 570 634 620 ‘At
656 578 686 620 tu
723 569 816 634 gaudis
827 577 926 634 nostre,
936 571 958 620 si
973 572 1168 637 voluptates‚et
1179 584 1251 636 qnae·

159 646 214 694 aire
226 645 332 709 aliquod
348 662 454 711 regnum
466 656 507 699 est
523 650 549 698 iu
561 647 686 708 carmine,
723 660 826 709 cunque
848 661 881 695 ex
902 649 951 697 bre
971 648 1141 698 universitate
1156 647 1252 696 blondi

158 734 264 769 carmen
275 720 330 771 Ore
341 737 413 772 move
424 738 514 775 sacro:
525 726 580 773 sive
589 738 686 787 expug-
722 723 763 771 sel
776 723 914 773 sollicitant
926 730 1043 786 aspecto,
1058 724 1100 774 rel
1115 722 1251 772 blandiun-

159 797 347 847 aantiorherbu
358 807 408 859 eat,
419 800 501 850 Utere
511 800 617 849 tentatis
625 814 686 862 ope·
723 804 766 847 tur
774 813 832 861 usu,
847 798 987 862 diligenter
995 801 1121 861 excutias,
1130 805 1187 849 tots
1196 798 1253 848 vita

161 886 227 921 rosae
237 874 334 923 viribus
342 875 448 924 herbae!
463 876 539 925 Idem.
723 873 834 923 bominis
843 888 907 923 unns
917 881 958 924 est
968 874 1042 924 dies.'
1059 876 1134 925 Idem.

193 948 268 997 Hunc
279 952 332 1013 apri
341 950 431 1013 scema]
448 950 514 1015 Apri
533 950 686 1015 descriptio·
757 950 854 999 Nmrssi
863 951 969 1014 moniis
977 952 1075 1000 miseros
1084 950 1162 1013 smil]
1178 949 1249 1000 Salv.

160 1039 218 1075 uem
230 1026 356 1075 illustrem
368 1027 446 1076 lrabes
462 1026 530 1091 apud
548 1027 687 1090 Apuleium
724 1026 772 1075 l.1.
783 1026 827 1075 De
839 1024 909 1075 Gub.
926 1026 992 1076 Dei:
1011 1026 1185 1091 ‘Quicunque
1198 1039 1251 1075 nta-

160 1101 207 1151 lib.
218 1115 277 1152 rur.
293 1102 325 1153 dc
335 1103 400 1153 Aur.
412 1102 616 1154 As.0rid.v1u.
630 1102 688 1152 ble-
724 1102 743 1150 li
752 1109 823 1162 suot,
834 1102 999 1152 successione
1013 1116 1099 1151 rernm
1109 1103 1254 1152 deteriores

163 1182 224 1227 tam.
239 1178 315 1227 Idem.
725 1176 799 1238 liunt,
810 1177 953 1240 gaudentes
970 1178 1019 1227 sibi
1035 1179 1159 1242 nequicie
1170 1178 1253 1228 studi-

194 1254 355 1303 Mormcrr'crsr
372 1254 419 1317 leo]
436 1254 531 1305 Senio
544 1254 638 1319 rigam.
651 1270 688 1305 rs.
726 1252 1254 1303 nmbenecedere.'‘Snecessionem'dix-

162 1332 222 1377 788.
249 1330 362 1379 ‘Victor
372 1328 486 1379 ferarum
505 1326 570 1380 c'clla
581 1336 690 1379 vexatus
726 1329 755 1388 it,
766 1343 842 1393 quem
853 1330 974 1379 irritatius
992 1330 1175 1381 ‘successuum'
1210 1330 1254 1380 Its

157 1405 244 1467 jacet,
252 1406 418 1468 ignobilisnb
428 1406 507 1455 dente
516 1405 689 1456 Marmaricus
726 1407 872 1457 cassiodor.
881 1408 926 1458 lib.
939 1423 959 1458 ι.
968 1409 1030 1459 Ver.
1042 1413 1067 1459 4.
1082 1409 1141 1459 ‘Ad
1151 1410 1253 1473 apicem

163 1480 315 1531 leo.’1aem.
726 1480 836 1532 fascium
868 1485 1011 1547 repentinis
1046 1485 1254 1535 successionibus

196 1558 278 1619 lignis
296 1565 323 1608 at
338 1560 433 1623 Imma]
449 1560 540 1610 Senec.
558 1560 585 1609 iu
606 1560 690 1623 Hipp.
727 1559 856 1609 evolavit!
871 1566 902 1608 ut
913 1560 1016 1623 quidem
1027 1560 1139 1609 habetur
1149 1560 1176 1609 iu
1192 1561 1257 1611 meis

162 1650 199 1685 ss.
217 1638 275 1685 444.
294 1636 382 1685 ‘Tunc
401 1637 514 1699 virgatas
523 1635 599 1685 ludia
611 1636 691 1699 tigres
728 1635 892 1697 membranis,
901 1645 928 1684 et
938 1637 1103 1686 observatum
1114 1645 1155 1687 est
1167 1638 1228 1687 olim
1240 1652 1257 1687 s

164 1711 269 1761 decolor
280 1710 386 1761 horret!
404 1712 480 1760 luem.
728 1710 852 1759 Fornerio
863 1710 889 1758 iu
906 1710 984 1759 Notis
996 1710 1028 1759 ad
1040 1712 1057 1759 l.
1069 1710 1096 1761 d.
1113 1713 1189 1762 idem.

196 1788 291 1835 Numen
316 1786 419 1835 Arcadis
443 1784 521 1847 alitis]
547 1785 689 1834 Mercurii:
763 1786 888 1835 Feliciores
901 1801 951 1835 esse
968 1786 1084 1847 improbes
1097 1788 1211 1849 supplicia
1221 1792 1258 1838 ls-

164 1862 284 1912 nlmirum
305 1869 335 1911 ut
351 1876 384 1911 ex
406 1862 517 1911 Homeri
540 1860 638 1909 'odeum
659 1866 690 1911 Κ.
727 1867 802 1924 estes,
820 1877 889 1926 quarn
905 1863 927 1912 si
944 1878 983 1911 eoa
1001 1863 1258 1927 mffljustdiapoesa

163 1938 247 1988 refert
274 1937 386 1988 Ovidius
406 1938 578 2001 Metamorpb.
596 1939 613 1987 l.
634 1951 691 1987 ιιι.
727 1938 843 2000 scireest]
859 1941 866 1967 ‘
880 1938 1005 2003 Quippe,’
1024 1940 1062 1989 sit
1077 1942 1214 2003 eleganter
1231 1941 1258 1989 ln

163 2014 287 2064 ‘Pacifer
303 2015 361 2064 buic
377 2014 488 2063 dederat
498 2011 587 2061 dorem
606 2013 692 2076 Cylle·
728 2013 829 2077 Gorgia
839 2016 928 2075 Pleto‚
942 2017 1019 2064 ‘cum
1033 2017 1131 2078 punitio
1141 2017 1259 2066 modere-

164 2091 328 2153 sinsalbum,
340 2088 637 2154 MolyvocnntSuperl:
654 2088 691 2137 ni·
727 2094 779 2151 tur,
799 2090 975 2155 justioresque
996 2089 1103 2151 efficiat,
1126 2101 1258 2155 tamqnam

166 2182 213 2231 gra
223 2166 312 2215 radice
323 2171 436 2215 tenetur.
467 2166 549 2213 'l'ntus
560 2179 598 2227 eo,
610 2166 691 2213 moul·
727 2165 982 2230 medicinaquoedsm
993 2166 1185 2230 improbitatis.²
1195 2168 1258 2216 Ber·

164 2242 250 2308 lisque
268 2242 344 2291 simul
363 2240 525 2303 eoelestibus,
544 2241 626 2291 intrat
642 2241 692 2291 Ille
727 2244 794 2289 scri.

165 2318 269 2366 domum
280 2315 388 2365 Circes.'
401 2316 489 2365 Vallis.
760 2318 855 2367 Poerssli
864 2319 1259 2383 merbitetefflsrgatorineleraets-

200 2394 276 2455 Vigor
285 2393 348 2442 Arce
357 2392 464 2441 conditus
474 2392 567 2455 abdita]
586 2394 651 2443 Stat.
662 2406 693 2443 ιι.
728 2392 776 2452 tia]
793 2393 878 2442 Malos
893 2395 935 2443 bic
947 2396 1065 2457 agnoscit
1076 2409 1127 2444 nou
1136 2394 1260 2445 Christis·

164 2467 266 2533 Sylrar.
297 2469 352 2517 ‘'l'u
376 2470 447 2517 celsa
464 2470 559 2519 mentis
583 2471 616 2519 ab
632 2484 692 2519 aree
730 2482 777 2516 uus
789 2468 865 2518 morlo
876 2470 922 2519 sed
938 2478 965 2519 et
985 2470 1262 2532 CatbolieusBoitins,

166 2545 289 2608 Despicis
296 2550 422 2608 errantes,
432 2547 593 2610 humanaque
601 2544 694 2609 gaudia
730 2545 792 2594 alios
804 2545 909 2609 quidem
922 2546 1027 2595 aeternis
1035 2546 1117 2609 poeuis
1127 2546 1260 2595 damnari:

166 2620 258 2669 ridee.'.
270 2620 393 2670 Manilius
413 2622 446 2670 de
473 2622 584 2670 bominis
611 2620 695 2683 ligura
730 2622 887 2671 ‘cremabit
905 2622 1025 2671 addictos
1045 2621 1141 2671 ardeus
1158 2636 1261 2685 semper

167 2698 386 2747 erectaz‘sten't
397 2710 463 2746 uuus
475 2697 502 2745 iu
515 2711 602 2745 arcem
615 2696 695 2744 Erec·
731 2696 867 2761 gebenna‚'
879 2698 916 2748 eit
933 2700 1078 2763 Cyprianus
1097 2705 1191 2749 centra
1209 2699 1262 2746 De·

168 2770 334 2835 tuscapitis!
365 2772 409 2821 Sic
421 2774 454 2823 Q.
466 2774 578 2821 Serenus
596 2771 629 2821 de
642 2784 695 2819 me·
731 2780 808 2823 metr.
829 2775 875 2823 ‘et
893 2774 1025 2829 vivacibus
1051 2774 1159 2825 flammis
1179 2786 1260 2824 vorax

167 2849 253 2898 diciua
265 2866 272 2897 :
290 2848 443 2911 ‘Principio
454 2849 524 2897 celsa
535 2848 568 2896 de
580 2846 695 2909 corporis
731 2863 825 2912 prena:
842 2864 891 2899 nec
903 2850 954 2899 erit
963 2850 1032 2898 unde
1042 2849 1139 2899 babere
1149 2857 1262 2899 tormen·

168 2939 228 2974 arce
247 2922 400 2987 loquamur.'
420 2922 534 2972 Alcimus
551 2923 645 2973 Avitus
662 2921 695 2971 de
733 2931 759 2972 ta
769 2923 813 2971 vel
823 2925 938 2987 requiem
950 2924 1051 2986 possint
1067 2923 1204 2987 aliquando
1220 2924 1262 2972 rel

168 2999 245 3063 Orig.
254 2999 362 3048 Mundi:
381 2998 593 3047 ‘Debinoareern
603 2996 697 3060 capitis
731 2996 827 3045 linem:
862 3005 999 3047 servantur
1025 3013 1084 3047 cnm
1111 2998 1263 3059 corporibus

168 3077 271 3128 sublimi
283 3078 309 3124 in
322 3075 420 3125 vertice
438 3074 541 3137 signat!
573 3075 694 3123 Lactant.
733 3072 784 3120 suis
808 3070 900 3120 animae
921 3069 1029 3119 infinitis
1050 3071 1206 3120 eruciatibus
1229 3072 1263 3120 ad

161 3154 200 3213 ¹de
224 3148 300 3213 Opil.
325 3149 384 3210 Dei,
407 3163 466 3211 cap.
492 3153 516 3198 8.
559 3149 696 3199 ‘Hominis
734 3145 871 3195 dolorem’
915 3144 989 3195 Alios
1021 3161 1093 3206 sero,
1121 3153 1151 3196 ut
1180 3147 1264 3211 inquit

168 3242 252 3293 prope
264 3225 444 3286 divinamens,
463 3224 583 3289 quianon
596 3230 696 3273 tanturn
732 3222 802 3271 idem
812 3221 896 3285 Epist.
907 3236 956 3272 ur.
982 3223 1050 3286 ‘pro
1062 3223 1178 3285 peccatis
1187 3224 1264 3287 lengo

170 3304 337 3362 animantum,
355 3314 413 3365 qnae
432 3300 537 3349 suntin
558 3306 638 3361 terra,
650 3299 696 3349 sed
713 3320 715 3325 ·
734 3299 823 3348 dolore
833 3299 993 3348 cruciatuum
1012 3299 1148 3349 emundari
1158 3307 1185 3349 et
1203 3315 1263 3363 pur·

170 3378 247 3429 etiam
260 3377 300 3426 sni
318 3377 433 3440 corporis
450 3384 490 3425 eat
508 3375 600 3425 sortita
617 3374 697 3423 domi·
735 3378 790 3439 gari
802 3377 847 3425 din
858 3376 936 3440 igue!
967 3377 1093 3438 Peccata,
1104 3378 1265 3426 censetTer-

171 3462 270 3514 uatum,
280 3456 306 3503 in
329 3468 427 3502 summo
453 3452 539 3515 capite
560 3450 697 3511 collocata,
735 3453 858 3501 tullianus
865 3454 911 3501 lib.
920 3452 954 3501 de
965 3452 1098 3502 Ριιάἱιὶι.ι
1111 3452 1205 3499 nemini
1217 3452 1263 3501 du-

171 3538 291 3595 tanquam
303 3530 329 3579 iu
341 3544 401 3578 aree
414 3528 528 3576 sublimis
547 3526 697 3589 speculatur
736 3528 805 3577 bium
825 3535 875 3588 est,
891 3527 941 3575 elia
955 3527 1151 3590 castigationem
1163 3529 1269 3589 mereri,-

172 3604 461 3655 onmiaeteontuetur!
493 3602 638 3653 Videund.
652 3601 696 3651 lib.
736 3603 786 3651 elia
803 3602 1003 3652 damnationem.
1036 3602 1120 3651 Omne
1140 3602 1265 3652 delictum

173 3681 230 3731 eod.
243 3685 283 3730 lb.
317 3681 352 3729 Et
363 3680 396 3727 B.
413 3677 553 3740 Angustia.
572 3676 618 3725 lib.
636 3690 696 3725 xiv.
715 3675 718 3682 '
736 3678 1161 3741 autveuieexpuugit‚autpoena:
1178 3678 1265 3740 venia,

175 3758 217 3805 De
227 3756 285 3804 Cir.
294 3755 348 3805 Dei
359 3770 383 3804 c.
395 3758 436 3802 10.
453 3754 539 3802 Silam.
735 3768 769 3803 ex
789 3753 979 3816 castigatione3
1003 3768 1090 3815 poena,
1109 3767 1143 3803 ex
1160 3754 1265 3803 damna·

206 3831 300 3880 Pnonn
318 3833 344 3878 4.
372 3827 402 3877 Si
419 3828 530 3894 semerom
547 3820 582 3877 est
600 3827 699 3875 celuim
736 3827 826 3878 tione.’
860 3829 918 3878 Nec
930 3827 1016 3879 audiri
1028 3829 1210 3892 placetistnm,
1220 3828 1266 3891 qui

171 3920 256 3969 moon,
277 3906 380 3967 poluisse
401 3903 508 3951 miseriae
530 3902 577 3965 ert]
593 3904 659 3963 Ima,
675 3903 700 3951 sl
736 3904 786 3954 suls
801 3904 835 3953 ed
851 3906 920 3954 bunc
934 3906 1018 3954 loeium
1036 3903 1124 3963 Notis,
1136 3904 1265 3966 Pythago·

174 3982 275 4029 AEliano
292 3980 338 4029 lib.
355 3992 413 4028 xiv·
425 3994 484 4041 cap.
496 3982 537 4028 28.
549 3979 612 4027 Ver.
628 3978 699 4026 illst.
737 3980 805 4029 ricus
815 3979 1047 4029 bicPlatouicasre
1056 3979 1266 4041 auimarnmpur·

175 4056 313 4118 eredimus,
324 4054 351 4103 oi
367 4052 437 4116 privor
458 4051 600 4111 diabenicus
621 4051 702 4116 recede,
738 4056 857 4117 gationes
868 4055 987 4103 somniat.
1007 4054 1094 4102 Vallis.

175 4130 239 4181 daei
248 4129 551 4189 καὶὺὲννοήσωὰδικῆσαι.
570 4128 645 4177 Idem.
770 4130 829 4177 Alio
836 4129 976 4192 peremeris
991 4128 1125 4191 ekmulla]
1146 4128 1266 4178 Mecreb.

207 4209 239 4257 ln
255 4213 304 4256 lum
327 4207 431 4255 breeibm
456 4206 513 4255 visa
531 4204 612 4266 metis]
629 4204 702 4252 Prae·
738 4204 763 4252 in
775 4203 819 4260 liu,
831 4202 876 4252 lib.
888 4216 922 4252 ιι.
937 4204 1007 4253 Sem.
1017 4204 1089 4267 Scip.
1116 4205 1219 4255 ‘Quem
1228 4205 1264 4253 lo·

175 4284 246 4334 clare
258 4282 494 4335 QuintilDeclam.
505 4284 530 4331 4.
547 4283 554 4306 ⁴
567 4281 594 4330 Si
607 4287 702 4330 curnis
738 4297 795 4351 cum
808 4282 844 4333 Er
854 4282 898 4332 ille
906 4281 1196 4346 Platonicuscopiosius
1205 4271 1276 4332 exe?
