3184 4959
322 418 389 483 446
674 426 782 477 noun
806 428 1009 476 vsuionuu
1035 426 1073 475 tu

324 552 401 637 qnam
422 571 555 633 uirtutem,
578 570 600 619 si
619 570 741 635 culquam
760 576 854 620 morto·
892 577 1010 619 airctores
1028 568 1092 619 illud
1108 566 1207 616 imitati
1221 571 1297 615 suut:
1315 565 1430 614 Plinius'

324 648 386 696 llum
397 647 545 709 contigerit,
557 647 583 695 iu
593 647 700 696 Socrate
711 646 793 695 finisse
809 647 856 705 ait,
891 646 966 695 initio
978 646 1107 709 Panegyr.
1124 641 1212 694 ‘Qum
1230 642 1298 689 euim
1314 648 1423 702 praesta·

322 725 416 778 ‘Quod
429 725 451 773 si
465 724 547 773 cuivis
558 728 645 786 potest
657 724 761 771 evenire
773 722 854 771 facul·
893 722 979 781 bilius,
987 728 1033 770 siit
1041 720 1171 783 pulchrius
1182 730 1289 765 munere
1298 716 1424 776 Deorum,

324 808 365 851 tas
388 798 581 861 contemplandi
602 797 714 847 divinam
733 795 855 859 effigiem,
892 811 968 860 quam
980 803 1067 845 castus
1078 801 1106 844 et
1116 798 1221 843 sanctus
1232 800 1260 841 et
1276 792 1335 839 Diis
1346 792 1426 840 simil-

323 891 372 926 cur
382 888 434 925 uon
444 875 561 938 apprime
570 874 686 937 potnerit
696 873 798 921 Socrati
809 872 856 920 ob·
893 872 968 920 limus
980 870 1130 934 princepsl'
1148 870 1222 918 ldem
1241 867 1379 916 Musonius
1390 867 1425 915 de

324 955 435 1015 tingere,
446 966 521 1016 quem
540 951 620 1000 cnivis
639 950 797 1013 amplissimo
809 963 856 997 un·
892 960 922 995 re
933 946 1023 994 eadem
1034 946 1104 1008 apud
1116 945 1249 994 stobaeum
1260 958 1337 992 serm.
1349 956 1425 992 xnrr.

324 1028 539 1091 minisapientiae
558 1025 671 1088 dignitas
686 1025 855 1089 coaequarit?
894 1019 1048 1071 Aristoteles
1065 1022 1134 1069 enim
1148 1020 1254 1069 Potine.
1276 1019 1321 1068 lib.
1340 1032 1387 1068 ιιι.
1400 1034 1424 1068 c.

325 1106 396 1155 Niliil
413 1106 481 1154 enim
499 1109 540 1152 ert
551 1102 611 1151 Deo
627 1102 733 1150 similius
753 1109 781 1150 et
798 1115 856 1163 gra·
893 1110 933 1145 rx.
945 1098 1074 1145 bominem
1086 1098 1182 1145 virtute
1194 1094 1425 1159 pmstsntemtsbr

324 1182 388 1242 tius,
399 1192 476 1243 quarn
485 1178 524 1226 vir
534 1178 619 1225 auimo
630 1175 748 1239 perfecte
759 1176 855 1224 bouiu:
893 1174 919 1221 ἐν
941 1172 1064 1235 dsdpdwu
1085 1170 1151 1234 cirus,
1180 1170 1273 1219 ‘esse’
1301 1179 1425 1234 tauquam

326 1256 369 1321 qni
382 1262 434 1303 tum
445 1252 589 1301 horninibus
599 1251 702 1301 caeteris
714 1249 857 1309 antecellit,
892 1250 993 1297 ‘Deum
1022 1251 1091 1297 inter
1118 1246 1253 1296 homiues'
1281 1248 1426 1298 existimat.

325 1344 401 1395 qnam
418 1329 473 1391 ipsc
493 1342 509 1375 a
526 1327 584 1375 Diis
601 1326 788 1374 immortalibus
805 1324 856 1372 dis·
894 1324 964 1374 Hinc
982 1332 1010 1373 et
1027 1324 1072 1372 illa
1090 1324 1200 1373 Homeri
1222 1338 1253 1373 ac
1270 1322 1375 1386 Virgilii
1390 1324 1425 1372 de

325 1405 382 1456 tat!
425 1403 550 1467 Idemque
577 1403 699 1452 Socrates
732 1400 855 1450 Platonis
894 1401 994 1449 eximiis
1006 1401 1170 1465 beroicnqne
1190 1401 1332 1464 majestatis
1352 1400 1425 1461 riris,

325 1488 482 1545 preceptor,
493 1478 583 1527 eadem
592 1492 650 1526 cum
659 1476 788 1540 discipulo
797 1490 855 1525 sen·
893 1477 944 1537 Θεᾷ
961 1474 990 1523 rb
1007 1472 1067 1525 suos
1084 1474 1170 1536 ὅμοιος.
1186 1475 1241 1524 ‘Os
1252 1476 1424 1538 humerosque

326 1557 403 1617 tiens,
422 1555 502 1603 solam
520 1552 649 1616 justitiam
672 1567 718 1601 seu
738 1551 855 1615 probita-
893 1551 951 1599 Deo
962 1551 1070 1601 similis?
1101 1552 1186 1601 Porro
1200 1566 1252 1600 uon
1270 1553 1352 1601 solum
1364 1552 1425 1601 Pla·

326 1639 389 1693 tem,
406 1628 476 1691 μόνον
499 1628 594 1691 δίκαιον,
621 1626 774 1677 felicitatem
798 1642 855 1677 esse
893 1635 921 1679 to
932 1629 1040 1678 bominis
1051 1629 1128 1679 finem
1142 1630 1222 1678 voluit
1234 1643 1290 1677 esse
1300 1627 1330 1676 rb
1341 1629 1424 1688 ὁμοιο-

325 1705 445 1755 dicebat:
465 1711 495 1754 ut
514 1702 601 1775 refert!
613 1704 794 1753 Theodoretus
806 1704 854 1752 Gr.
892 1707 958 1763 θῆναι
974 1706 1009 1765 τῷ
1027 1706 1079 1767 θεῷ,
1100 1704 1255 1753 ‘assimilari
1277 1704 1358 1765 Deo,'
1378 1705 1426 1754 sed

327 1780 371 1832 aff.
388 1794 442 1831 cur.
453 1795 528 1832 serm.
541 1794 582 1830 ιι.
615 1781 692 1830 Plato
708 1780 776 1829 euim
788 1781 856 1829 banc
893 1778 988 1829 ἔπεσθαι
1001 1781 1010 1809 ⁴
1019 1778 1107 1844 seqni'
1127 1792 1227 1843 quoque
1244 1779 1253 1807 ‘
1262 1779 1349 1827 Deum
1356 1777 1374 1826 τ’
1391 1779 1425 1828 de

325 1856 623 1919 dpulwquiteqi,‘enm
639 1857 699 1904 Deo
710 1854 856 1905 similitudi·
893 1870 944 1920 quo
963 1868 1049 1918 supra.
1081 1855 1164 1903 Utin
1186 1853 1309 1914 Phaedro‚
1332 1854 1362 1901 ‘il
1380 1852 1425 1914 pls

327 1930 406 1992 nem,’
421 1931 500 1981 finem
516 1932 596 1979 totius
617 1931 792 1993 Philosophia
810 1944 855 1980 seo
893 1933 978 1998 ὅμως
988 1938 1044 1983 θεῶν
1054 1931 1155 1994 &opis-q
1169 1930 1208 1981 καὶ
1219 1930 1344 1991 εἰκασμένη
1355 1933 1425 1995 unp.

325 2006 465 2070 Sapientlae
482 2006 626 2068 coustituit,
645 2012 674 2053 ut
691 2020 724 2053 ex
741 2007 799 2054 loco
815 2018 857 2053 su·
892 2009 1041 2077 ᾒρεγειςτὸν
1057 2009 1099 2071 ἔξω
1113 2007 1186 2057 τόπον
1202 2007 1248 2066 τὴν
1263 2008 1307 2056 τοῦ
1328 2006 1427 2069 ἡνιόχου

326 2085 414 2147 petius
423 2084 500 2132 allato
511 2082 619 2145 aliisque
631 2086 749 2143 constst;
760 2082 856 2145 exqui-
893 2085 1007 2149 κεφαλήν,
1025 2083 1133 2134 Animus
1144 2084 1200 2133 ‘ine
1215 2084 1260 2148 qui
1273 2085 1344 2133 neos
1358 2083 1427 2145 opii.

326 2160 375 2209 but
402 2158 471 2207 idem
498 2157 625 2220 colligunt
649 2156 774 2205 Alcinous
797 2156 856 2204 eod·
894 2177 935 2211 me
945 2168 1048 2211 secutus
1057 2166 1099 2209 est
1107 2159 1170 2210 etad
1180 2172 1268 2208 eorum
1278 2158 1425 2207 similitudi-

325 2246 411 2284 00¹¹·
433 2233 559 2297 Apuleius
572 2233 855 2296 lib-deMonlitjttsd·
894 2253 952 2287 nem
962 2231 1149 2297 conformatus,
1163 2235 1191 2283 in
1209 2234 1425 2297 supercoelestem

326 2308 506 2372 Philosophia,
519 2318 546 2357 et
558 2309 689 2373 Diogenes
698 2308 818 2358 hirtius
829 2310 856 2358 in
893 2314 979 2361 locum
990 2312 1088 2374 auriga
1098 2310 1192 2360 extulit
1210 2308 1306 2372 caput!
1338 2308 1425 2357 ldem-

326 2385 384 2449 ejus
411 2386 474 2449 rita,
493 2384 673 2435 Theodoretus
690 2386 748 2435 loco
767 2386 857 2447 citato,
894 2403 944 2452 que
957 2386 1114 2437 omninosed
1127 2386 1221 2434 clarius
1237 2384 1274 2433 ait
1284 2384 1329 2432 lib.
1341 2397 1379 2431 ιν.
1391 2383 1425 2432 de

326 2460 502 2524 Pscbymeres
518 2461 665 2524 compendii
686 2461 737 2524 log.
754 2476 815 2525 cap.
825 2475 857 2510 ιι.
894 2463 1016 2526 Legibus.
1048 2461 1126 2511 Unde
1138 2469 1275 2525 utromque
1286 2457 1425 2509 confriudit

326 2535 397 2587 Quid
408 2550 469 2587 vero
477 2536 512 2586 sit
521 2537 657 2586 assimilari
667 2538 737 2598 Deo,
746 2545 790 2587 aut
805 2552 857 2601 qus
894 2538 1028 2603 Alcinous,
1038 2553 1096 2587 cum
1108 2545 1195 2587 tamen
1215 2536 1333 2585 videatur
1344 2534 1425 2583 Plato

325 2611 428 2661 ratione
439 2612 495 2676 quis
506 2626 564 2661 eam
573 2611 764 2663 similitudinem
773 2613 856 2675 possit
894 2615 921 2663 in
932 2615 973 2663 bis
985 2615 1084 2664 duobus
1095 2614 1160 2663 locis
1170 2613 1237 2661 velle
1255 2612 1366 2675 primum
1377 2624 1425 2659 uos

327 2687 441 2750 assequi,
457 2688 565 2749 exponit
580 2694 639 2750 post
650 2687 791 2736 Platonem
804 2690 857 2736 late
894 2691 985 2753 ‘sequi
998 2689 1104 2747 Deo-f
1121 2690 1170 2737 boc
1181 2694 1231 2748 est,
1240 2688 1368 2736 virtutum
1379 2700 1425 2735 ex·

326 2760 447 2809 Plotiuus
470 2760 589 2810 Eunead.
610 2775 629 2810 ι.
648 2761 692 2811 lib.
712 2776 743 2812 ιι.
773 2762 857 2813 initio.
894 2766 986 2814 crcitio
998 2764 1103 2827 probos,
1116 2764 1182 2825 pios,
1187 2763 1274 2825 justos
1284 2769 1312 2811 et
1322 2762 1426 2824 snpien-

326 2834 477 2885 Ammonius
496 2834 656 2886 Praefatioue
676 2837 721 2886 illa
738 2839 857 2901 pulcher·
894 2848 934 2890 tes
955 2839 1028 2889 fieri:
1053 2837 1221 2887 ‘assimilari'
1246 2852 1319 2900 vero,
1336 2845 1425 2887 mente

326 2913 391 2961 rima
402 2913 429 2961 in
440 2912 579 2976 Porphyrii
588 2928 610 2962 r.
624 2928 716 2963 voces:
730 2914 771 2964 ubi
783 2921 857 2965 recte
893 2931 943 2980 per
952 2916 1062 2966 virtutes
1073 2916 1205 2963 illustrate
1215 2913 1299 2961 Deum
1307 2919 1424 2962 contern-

327 2985 620 3038 etiamcurPlatouiait
636 2988 856 3051 illuminemus·
894 2992 970 3055 plari,
995 3006 1052 3050 seu,
1071 2998 1100 3039 ot
1122 2989 1284 3053 Pythagoras
1309 2989 1424 3051 volebat,

325 3064 358 3113 τὰ
383 3061 412 3112 rb
438 3061 536 3113 δυνατὸν
563 3063 699 3126 duntaxat,
727 3074 856 3117 recenset.
893 3082 951 3116 cum
973 3083 1005 3116 eo
1027 3068 1149 3131 colloqui,
1171 3065 1261 3128 illique
1280 3065 1424 3114 adherere.

262 3146 265 3151 '
326 3139 463 3188 Hierocles
473 3138 569 3201 optime
578 3139 771 3189 Commentario
778 3156 857 3191 aureo
894 3143 953 3194 Quo
964 3149 1078 3191 etsensu
1099 3140 1220 3201 accipere
1238 3139 1342 3189 ridetur
1361 3141 1425 3189 buc·

326 3215 352 3262 in
362 3228 420 3263 eum
431 3213 652 3274 Pythagoreorum
665 3228 766 3263 versum
778 3219 857 3277 Πρῆσ·
893 3217 988 3266 testim
1000 3217 1144 3264 Firmisuus
1156 3216 1199 3265 lib.
1209 3215 1242 3263 de
1251 3215 1296 3263 Irs
1305 3216 1355 3264 Dei
1364 3230 1425 3279 cap.

326 3304 356 3338 σε
377 3286 402 3338 tt
422 3286 496 3349 pubis
515 3290 563 3337 sair
582 3287 615 3349 μὴ
637 3286 773 3338 tirimaco«.
789 3289 856 3338 ἀλλὰ
895 3296 934 3342 19.
953 3294 1021 3344 ‘Qui
1037 3300 1122 3341 autem
1134 3295 1221 3342 Deum
1241 3293 1424 3356 secuti,eiqne

326 3365 615 3431 dsbduseo'ouocxprdv.
650 3367 778 3417 Nimirum
791 3369 857 3418 edit.
893 3367 1426 3431 parentes,corporisdesideriacontemp·

326 3445 455 3494 Parisien.
463 3457 523 3508 pag.
533 3446 590 3493 1⁷4.
598 3449 627 3492 et
634 3455 695 3506 pag.
702 3446 759 3493 267.
775 3444 857 3507 Egre-
893 3442 984 3506 serint,
996 3452 1024 3492 et
1045 3443 1168 3492 virtutem
1188 3440 1361 3505 preferentes
1377 3458 1423 3491 ro·

321 3520 368 3582 ¹gie
394 3518 517 3568 Alcinous
545 3520 602 3568 loco
628 3518 674 3569 cit.
703 3520 857 3569 Lactantius
894 3520 1046 3581 luptatibus,
1056 3520 1230 3568 innocentium
1237 3517 1423 3582 justitiamque

326 3594 403 3643 etism
423 3592 456 3640 de
473 3592 552 3640 Falsa
571 3593 654 3655 Rellg.
673 3594 718 3643 lib.
738 3607 757 3643 1.
778 3610 802 3643 c.
815 3610 855 3645 rx.
894 3595 1066 3656 servaverint,
1081 3595 1127 3642 lios
1145 3596 1216 3643 Dens
1228 3594 1307 3643 utsni
1324 3593 1423 3643 similes

326 3669 367 3716 De
379 3668 449 3715 Vero
461 3668 540 3715 Cultu
557 3667 574 3716 l.
586 3681 625 3715 vr.
644 3682 703 3730 cap.
720 3673 759 3719 18.
775 3676 804 3719 et
815 3674 855 3720 28.
893 3668 1074 3732 recognoscit.'
1106 3669 1251 3717 Stoicorum
1261 3668 1425 3719 autemdeea

326 3741 396 3793 etde
406 3740 452 3790 Ira
462 3740 515 3789 Dei
525 3754 585 3803 cap.
597 3745 638 3790 19.
671 3742 817 3807 Simplicius
829 3746 856 3793 iu
892 3758 922 3793 re
934 3746 1079 3793 sententias
1089 3744 1188 3796 hicnon
1200 3746 1366 3809 attingimuss
1379 3760 1424 3794 ne-

326 3816 444 3882 Ep'icteti
457 3816 591 3865 Euchirid.
603 3830 662 3881 cap.
680 3821 722 3869 Μ.
754 3820 855 3871 Quibus
892 3833 933 3869 uso
949 3819 1018 3868 enim
1035 3821 1136 3884 estqui
1156 3821 1317 3883 blasphemus
1332 3834 1422 3869 eorum

324 3894 351 3943 iu
359 3892 423 3944 locis
432 3892 594 3941 sanctissima
600 3893 762 3957 maximeque
772 3893 856 3943 cbris-
891 3908 969 3944 voces
980 3909 1030 3944 non
1041 3897 1147 3946 horreat
1156 3904 1184 3946 et
1192 3904 1340 3947 execretur.
1356 3897 1424 3948 Quis

325 3971 396 4020 tiano
418 3970 522 4019 bomine
541 3969 620 4034 digna
641 3976 778 4035 precepta
794 3985 855 4019 con·
891 3971 959 4020 euim
971 3972 1036 4021 illud
1048 3971 1117 4021 ferat
1126 3973 1234 4022 Senecae
1245 3972 1330 4036 Epist.
1342 3974 1422 4021 sun?

326 4044 460 4093 tinuatur:
480 4044 549 4094 uude
572 4058 721 4110 germanum
744 4044 855 4095 celebris
891 4048 1021 4097 ‘Tantum
1047 4050 1175 4112 sapientis
1201 4048 1263 4098 sua'
1287 4048 1423 4112 (sapienti)

324 4119 399 4183 hujus
410 4119 473 4170 dicti
483 4134 586 4171 sensum
595 4122 855 4186 explanationemque
890 4122 1030 4185 ‘quantum
1052 4126 1110 4173 Deo
1138 4125 1220 4173 omnis
1247 4130 1311 4174 setas
1339 4130 1422 4187 patet.

327 4200 401 4255 petas
413 4194 490 4244 licet:
508 4201 609 4245 tantum
628 4197 693 4246 enim
711 4197 753 4247 hic
769 4196 867 4261 fungi·
892 4197 941 4247 Est
960 4198 1058 4262 aliquid
1085 4212 1135 4262 quo
1153 4199 1263 4261 Sapiens
1281 4200 1422 4249 antecedat

326 4268 451 4321 murrice
470 4271 543 4321 cotis.
577 4271 648 4321 Hinc
668 4286 769 4336 qnoque
789 4274 855 4324 uarii
891 4274 985 4326 Deum.
1019 4274 1068 4325 Ille
1089 4280 1190 4324 nature
1217 4274 1344 4327 beneficio
1369 4289 1421 4327 nou
